1835 2553
718 152 844 217 ’ωὲρξ
909 159 924 217 )
963 164 1055 211 236
1087 159 1103 217 (
1167 154 1283 214 ἓζεξςῴ

272 275 447 319 malibus
480 270 814 327 quadrupedibus
835 303 847 323 ‚
891 287 1073 327 quorum
1109 273 1239 327 hepar
1272 270 1453 312 veficula
1485 273 1728 316 instructum

273 341 363 389 est,
412 336 533 379 valde
583 336 632 377 ab
675 349 723 377 ea
754 336 887 391 figura
921 338 1103 382 differre.
1177 337 1330 390 Incipit
1362 337 1404 376 in
1441 337 1635 379 omnibus
1671 350 1732 390 ex⁴

270 404 399 444 duem
441 401 694 454 angustiori,
746 414 875 454 quem
935 402 1136 453 cysticum
1173 402 1343 451 dicunt3
1393 401 1488 442 inde
1525 402 1729 442 continuo

270 466 404 520 magis
439 465 655 518 magisque
689 464 963 518 amplitudine
999 474 1184 518 augetur,
1220 475 1261 505 et
1280 465 1422 504 finitur
1441 466 1570 506 fundo
1589 464 1731 505 clauso

271 530 420 571 inflato
441 560 452 578 ‚
505 529 577 583 qui
611 528 795 582 partibus
830 528 1000 580 reliquis
1034 528 1229 568 omnibus
1263 527 1417 580 largior
1452 530 1519 569 est.
1584 528 1726 577 Haec,

268 594 316 634 ni
369 593 511 643 fallor,
558 592 766 633 notiffima
812 590 1016 631 vesiculae
1051 590 1193 630 felleae
1226 591 1357 644 figura
1392 592 1631 632 communis
1668 591 1726 632 est

272 652 556 705 animalibus,
606 668 712 708 quae
747 666 841 694 eam
877 652 1046 702 habent,
1081 654 1300 706 omnibus·‚
1349 655 1422 695 nisi
1458 656 1565 696 forte
1595 653 1727 708 ,paulo

271 720 482 774 angustior
524 719 567 758 in
612 717 700 758 aliis
744 716 1016 770 proportione
1051 727 1092 756 et
1124 716 1319 769 longior,
1375 719 1418 757 in
1454 720 1542 759 aliis
1574 719 1728 771 largior

270 790 314 826 et'
347 782 520 824 breuior
553 781 806 823 inueniatur.
872 779 1048 833 Aliquid
1068 782 1268 823 tamenin
1287 780 1470 829 leonina,
1505 795 1599 822 cum
1618 781 1728 822 hanc

267 849 536 890 obseruarem
556 875 568 895 ‚
610 840 751 899 reperi
781 843 993 897 peculiare
1026 844 1208 897 respectu
1243 844 1398 897 figurae
1418 875 1428 893 ,
1483 857 1568 898 quo
1604 844 1643 885 se
1677 843 1727 884 ab

266 912 456 954 humana
487 919 530 951 et
565 924 589 950 a
621 908 896 961 reliquorum,
933 916 1137 961 quantum
1168 909 1264 953 scio,
1301 909 1542 948 animalium
1570 907 1731 949 veficu-

267 976 320 1017 lis
353 975 630 1028 distingueret.
696 971 799 1012 Non
831 972 942 1011 resta
977 973 1169 1013 extensus
1205 973 1260 1011 est
1295 972 1502 1023 sacculus3
1554 971 1619 1012 sed
1653 985 1729 1012 va-

268 1040 341 1081 riis
376 1039 420 1078 in
455 1035 614 1076 sedibus
650 1047 737 1074 vno
772 1034 959 1074 alteroue
993 1035 1127 1074 latere
1161 1035 1363 1080 inflexus,
1414 1048 1498 1085 quo
1548 1024 1730 1084 tunicae,

267 1100 420 1156 quibus
454 1098 635 1141 vesicula
668 1096 1129 1150 efficitur‚⁴duplicatae
1160 1097 1388 1138 introrsum
1424 1097 1465 1135 in
1503 1098 1729 1137 cauitatem

266 1166 504 1212 ducuntur,
539 1163 734 1215 septaque
766 1161 1006 1217 producunt
1039 1160 1211 1211 latiora,
1247 1156 1333 1201 aut*
1352 1161 1599 1212 angustiora,
1635 1160 1727 1212 qui-

268 1222 347 1269 bus
397 1227 442 1266 in
492 1224 776 1264 loculamenta
819 1222 930 1274 quasi
961 1223 1075 1262 varia
1108 1223 1288 1262 vesicula
1321 1223 1532 1261 diuiditur.
1604 1220 1728 1263 Circa

267 1298 437 1348 partem
471 1287 680 1340 imprimis
715 1285 990 1340 posteriorem
1026 1284 1235 1325 eiusmodi
1268 1284 1519 1324 inflexiones
1555 1284 1599 1322 in
1622 1285 1728 1325 vefi-

269 1353 368 1397 cula
414 1352 583 1394 leonina
628 1349 921 1400 obseruantur;
970 1348 1185 1401 solentque
1238 1347 1477 1389 alternatim
1529 1347 1728 1401 vtrinque

269 1418 430 1475 positae
464 1416 554 1466 effe,
589 1427 675 1468 quo
707 1413 878 1455 ductum
913 1412 1025 1465 quafi
1058 1412 1340 1465 serpentinum
1375 1410 1552 1451 veficula
1585 1412 1629 1450 in
1661 1411 1728 1452 his

268 1479 513 1535 regionibus
547 1478 703 1519 imitari
736 1478 915 1518 videtur.
983 1475 1139 1520 Similis
1176 1488 1278 1530 ergo
1312 1485 1353 1517 et
1388 1475 1547 1529 tigridis
1569 1474 1730 1517 veficu·

268 1539 349 1587 lae*
368 1541 503 1598 figura
536 1535 659 1595 atque
690 1539 844 1581 fabrica
877 1539 946 1581 est.

461 1671 629 1714 Deinde
667 1671 771 1713 haec
807 1670 918 1725 quasi
953 1678 1063 1711 torta
1096 1669 1216 1711 simul
1251 1670 1326 1710 effe
1360 1669 1558 1718 videtur,
1610 1669 1727 1710 cuius

271 1738 319 1783 in
353 1737 593 1792 superficie,
629 1735 678 1776 ab
711 1735 863 1792 hepate
898 1736 1050 1784 auersa,
1084 1747 1209 1787 rugae
1245 1744 1287 1775 et
1324 1745 1470 1773 crenae
1504 1733 1596 1772 satis
1629 1745 1729 1785 pro·

271 1802 426 1844 fundae
472 1809 701 1855 apparent,
754 1811 858 1852 quae
893 1812 915 1837 a
948 1799 1134 1851 margine
1174 1799 1327 1838 dextro
1361 1796 1530 1848 oblique
1564 1805 1729 1836 antror-

270 1866 363 1908 sum
408 1865 457 1905 ad
501 1865 677 1904 fundum
719 1862 920 1903 veficulae
963 1872 1004 1902 et
1040 1861 1312 1902 sinistrorsum
1347 1861 1396 1900 ad
1432 1871 1594 1912 partem
1633 1859 1726 1898 smi-

270 1930 396 1971 stram
432 1929 686 1974 decurrunt,
719 1926 791 1966 vel
825 1940 848 1965 a
881 1925 1039 1966 finistro
1074 1927 1159 1966 eius
1195 1925 1323 1965 latere
1359 1924 1564 1976 incipiunt
1600 1932 1723 1974 atque

273 1993 321 2034 in
371 1993 572 2033 dextrum
624 1990 792 2043 oblique
840 1988 1065 2029 retrorsum
1112 1989 1334 2029 transcunt.
1403 1987 1597 2027 Maxima
1631 1998 1724 2039 pars

272 2055 424 2099 harum
474 2055 754 2096 inflexionum
805 2052 1068 2105 obliquarum
1111 2063 1152 2093 et
1187 2052 1417 2092 torfionum
1454 2050 1725 2103 posteriorem

270 2117 475 2160 veficu'lae
525 2129 689 2173 partem
739 2125 932 2170 occupat.
1003 2115 1215 2170 Quaedam
1252 2126 1392 2155 tamen
1428 2126 1566 2153 earum
1605 2111 1725 2164 super

275 2183 513 2226 vniuersam
556 2184 641 2225 fere
684 2182 907 2224 veficulam
942 2190 983 2221 et
1017 2181 1068 2222 ad
1102 2180 1277 2220 fundum
1313 2190 1445 2231 vsque
1479 2176 1727 2217 continuan-

1646 2249 1725 2278 tur·
