1835 2553
561 125 677 180 »22³3
739 119 939 180 lus(
1002 117 1121 174 &3³³⁴-

105 240 281 293 resistit,
336 239 487 283 habeat
528 236 682 291 vbique
724 236 904 279 eandem
938 230 1256 290 quantitatem,
1305 227 1435 291 quarn
1470 246 1575 290 ergo

106 307 398 362 exprimamus
443 301 627 345 formula
660 301 809 351 EM,
858 300 932 341 vbi
966 299 1006 340 E
1040 310 1206 341 certum
1241 300 1430 355 defignet
1463 313 1574 356 pon-

107 372 199 422 dus,
233 371 257 412 k
291 379 432 411 autem
466 376 627 408 certam
659 365 816 407 lineam
854 365 1028 406 restam.
1096 363 1180 406 Hic
1215 366 1388 419 quidem
1423 366 1466 407 in
1499 377 1576 420 ge·

109 448 210 477 nere
242 434 379 475 statim
414 440 542 486 patet,
577 443 665 485 quo
697 428 864 472 craffior
898 429 1026 471 fuerit
1059 428 1273 479 columna,
1310 440 1354 471 et
1378 442 1464 485 quo
1483 442 1575 472 ma-

106 500 198 541 iore
232 496 436 538 soliditate
470 494 684 550 praedita,
720 506 774 536 eo
808 494 1018 535 maiorem
1054 492 1146 535 fore
1178 492 1371 536 valorem
1407 493 1574 536 formu·

103 563 170 605 lae
191 561 324 603 Ekk.
362 559 479 601 Infra
514 568 653 601 autem
687 558 971 608 ostendemus,
1006 557 1036 598 fi
1069 556 1317 601 huiusmodi
1348 558 1575 600 columnae

106 625 261 668 fuerint
294 624 563 677 cylindricae,
615 635 673 664 ex
724 622 901 663 materia
935 621 1125 662 eiusdem
1161 622 1381 663 soliditatis
1417 622 1575 663 forma-

109 699 191 738 tae,
236 699 328 729 tum
372 686 601 729 formulam
634 686 755 729 Ekk
798 685 1164 742 proportionalem
1196 684 1289 728 sore
1324 685 1574 742 biquadrato

103 753 304 797 diametri
338 751 547 795 craffitiei.

298 887 333 936 §-
374 890 412 928 8.
495 880 614 923 Dum
663 887 804 921 autem
857 878 1081 922 columnae
1134 879 1387 933 cylindricae
1439 890 1577 925 certae

108 947 298 992 craffitiei
333 946 556 988 tribuimus
592 944 775 998 rigorem
812 943 1039 993 :Ekk,
1075 944 1266 986 valorem
1317 944 1440 988 huius
1491 947 1579 987 for-

105 1013 245 1055 mulae
293 1010 404 1051 haud
453 1007 685 1050 difficulter
735 1021 814 1063 per
857 1009 1149 1062 experimenta
1183 1007 1380 1063 affignare
1414 1009 1573 1051 licebit.

105 1073 408 1128 Concipiamus
443 1073 575 1122 enim,
626 1070 753 1113 talem
788 1070 1059 1124 columnam,
1093 1073 1210 1114 cuius
1245 1084 1374 1114 axem
1409 1083 1578 1114 tantum

101 1137 173 1180 hic
224 1139 268 1180 in
317 1137 450 1193 figura
499 1136 870 1191 repraesentamus,
911 1138 956 1178 in
999 1136 1036 1179 B
1071 1137 1321 1192 pauimento
1355 1135 1484 1180 firmo
1518 1138 1577 1179 ita

58 1194 69 1200 ’
105 1202 287 1244 firmiter
330 1202 409 1243 effe
452 1200 656 1250 infixam,
700 1210 748 1242 vt
781 1201 878 1242 inde
913 1201 1126 1243 dimoueri
1160 1202 1336 1256 prorsus'
1363 1212 1576 1258 nequeat,

105 1267 225 1308 cuius
261 1278 364 1320 ergo
399 1265 514 1319 rigor
547 1264 702 1319 vbique
734 1264 784 1305 fit
816 1264 969 1307 :Ek
988 1266 1027 1314 k,
1063 1266 1287 1320 longitudo
1315 1277 1460 1308 autem
1487 1269 1577 1309 eius

107 1337 286 1371 vocetur
319 1327 546 1370 Assza.
608 1328 698 1369 Iam
748 1327 848 1370 huic
898 1328 1121 1371 columnae
1163 1330 1207 1370 in
1253 1329 1496 1372 summitate
1530 1330 1576 1373 A

108 1392 344 1449 applicetur
377 1392 441 1433 vis
476 1391 753 1434 horizontalis
788 1390 918 1443 AV,
951 1405 1059 1448 quae
1093 1393 1355 1448 aequiualeat
1386 1394 1574 1449 pondere

103 1472 141 1499 ::
165 1456 210 1508 F,
245 1471 268 1498 a
294 1469 376 1512 qua
409 1457 536 1511 igitur
569 1456 655 1512 ipsa
688 1456 887 1498 columna
920 1457 1211 1499 incuruabitur
1237 1457 1279 1497 in
1308 1458 1432 1499 fitum
1451 1458 1574 1509 Bya‚

107 1521 301 1576 hancque
335 1530 604 1563 curuaturam
642 1530 843 1575 tanquam
879 1521 1102 1562 minimam
1136 1520 1381 1575 spectemus,
1418 1522 1575 1563 scilicet

108 1587 173 1626 vis
222 1585 293 1626 illa
341 1584 615 1626 horizontalis
653 1583 683 1625 F
718 1586 853 1627 maior
903 1585 996 1641 capi
1030 1597 1115 1626 non
1150 1584 1308 1636 debet,
1360 1598 1489 1640 quam
1523 1594 1573 1627 vt

108 1649 309 1705 pundtum
344 1647 583 1703 supremum
616 1647 660 1689 A
694 1662 768 1704 per
802 1648 1024 1704 spatiolum
1058 1647 1263 1691 Aaza
1306 1650 1569 1704 detorqueat.

110 1713 276 1768 Quibus
319 1713 461 1768 positis
479 1712 706 1763 ostendam,
739 1714 958 1768 quomodo
992 1713 1177 1755 formula
1213 1714 1350 1755 nostra
1384 1715 1571 1768 rigorem

109 1777 375 1832 exprimens,
412 1776 716 1828 scilicetEkk‚
752 1790 808 1819 ex
842 1780 885 1819 vi
921 1778 1168 1820 sollicitante
1204 1777 1238 1818 F
1274 1788 1317 1819 et
1352 1778 1571 1820 altitudine

107 1841 282 1884 AB:a
319 1853 416 1883 cum
448 1840 624 1896 spatiolo
657 1841 840 1886 Aa:a
873 1843 1144 1886 determinari
1177 1842 1320 1899 poffit.

297 1969 333 2019 ξ.
367 1980 412 2019 9.
477 1967 601 2012 Hunc
635 1971 678 2012 in
712 1970 840 2016 finem
877 1982 970 2014 ante
1004 1973 1152 2016 omnia
1185 1973 1228 2013 in
1258 1980 1450 2013 naturam
1475 1983 1571 2012 cur-

108 2046 187 2077 vae
219 2033 341 2086 Bya
374 2033 532 2085 inquiri
565 2046 747 2088 oportet.
807 2035 949 2079 Dut‘ta
983 2038 1110 2091 igitur
1144 2049 1199 2077 ex
1233 2035 1383 2090 quouis
1418 2047 1571 2076 curuae

108 2099 310 2154 punctoy
345 2097 396 2138 ad
430 2098 675 2140 verticalem
709 2100 821 2151 AB,
855 2100 1034 2144 normali
1057 2113 1155 2154 yx,
1190 2109 1374 2141 vocetur
1408 2097 1572 2141 abscissa

106 2162 314 2206 szx
347 2171 391 2203 et
423 2160 629 2219 applicata
662 2175 695 2205 x
700 2178 734 2220 y
751 2182 806 2209 z
813 2178 847 2218 y
866 2196 877 2215 ,
930 2178 1035 2221 quae
1070 2176 1173 2221 ergo
1206 2177 1283 2222 per
1315 2161 1569 2219 hypothefin

819 2228 925 2285 Qg
1513 2226 1572 2270 est

1618 1140 1706 1179 Tab.
1734 1141 1782 1179 IL

1617 1189 1694 1243 Fig.
1722 1204 1755 1241 ς.
