1835 2553
637 197 752 249 ‘’³⁰55ss
818 194 832 253 )
871 209 958 248 242
996 194 1013 254 (
1075 195 1190 248 ἓίεὲω

376 305 595 351 Continuo
629 307 735 350 hanc
771 310 921 351 seriem
957 309 1160 364 plicarum
1197 309 1238 348 in
1273 307 1433 362 tigridis
1468 308 1648 352 vesicula

184 375 311 416 fouea
346 374 505 430 excipit
541 387 693 426 magna
726 384 767 414 et
802 375 1038 428 profunda,
1090 373 1295 426 elegantia
1330 373 1553 414 structurae
1587 375 1650 414 in-

183 439 334 492 fignis,
369 448 411 478 et
444 438 617 479 vorticis
655 438 781 478 maris
817 438 1039 478 simillima.
1099 437 1163 478 Ea
1196 437 1315 491 plicis
1351 437 1531 478 efficitur
1567 438 1650 479 cir-

183 502 390 543 cularibus
449 511 519 544 aut
574 501 945 543 semicircularibus
996 510 1039 541 et
1090 501 1402 550 concentricis‚
1470 514 1651 554 quarum

182 567 415 607 exteriores
459 566 722 617 maioresque
766 564 996 617 superficiei
1040 564 1225 606 internae
1260 564 1465 605 vesiculae
1502 578 1653 618 aequa-

181 628 239 671 les
284 628 399 679 sunt,
450 630 671 670 interiores
723 637 868 668 autem
913 637 955 667 et
999 627 1210 678 minores,
1262 642 1347 681 quo
1389 630 1562 683 propius
1599 629 1650 670 ad

181 703 377 735 centrum
423 705 652 734 commune
697 692 924 739 accedunt,
975 702 1027 729 eo
1062 689 1154 730 sunt
1198 692 1443 746 profundius
1479 693 1521 732 in
1557 692 1650 733 sub-

182 758 377 799 stantiam
429 756 632 797 vesiculae
678 755 910 795 immeriae.
992 752 1175 794 Intimus
1218 756 1398 808 denique
1443 755 1649 806 circulus,

183 822 257 874 qui
293 822 459 874 integer
494 820 574 870 est,
609 817 970 874 profundiffimam
1004 817 1197 859 continet
1231 817 1497 873 speluncam,
1535 819 1651 873 quafi

183 884 387 937 abyssum⁶

370 1010 463 1051 Post
497 1009 610 1052 hunc
645 1009 885 1051 antrorsum
920 1010 1022 1052 alius
1066 1010 1254 1064 sequitur
1304 1009 1513 1051 eiusmodi
1547 1023 1648 1053 vor—

183 1081 282 1121 tex,
334 1072 488 1113 fabrica
542 1084 685 1114 tamen
736 1074 873 1112 minus
925 1073 1098 1127 pulchra
1141 1083 1268 1124 quam
1314 1071 1381 1112 ille
1414 1073 1552 1125 prior,
1605 1084 1649 1115 et

181 1137 267 1178 duo
303 1135 370 1176 alii
414 1149 568 1189 porro,
620 1139 740 1176 iuxta
775 1135 812 1176 se
849 1137 1032 1178 inuicem
1067 1136 1210 1189 positi,
1260 1135 1303 1174 in
1338 1145 1455 1188 parte
1487 1137 1649 1176 veslcu-

179 1200 244 1241 lae
279 1200 421 1239 latiori
456 1199 740 1239 obseruantur.
807 1199 884 1238 His
919 1199 1083 1251 singulis
1120 1200 1163 1237 in
1198 1200 1337 1237 media
1374 1209 1490 1250 parte
1523 1198 1648 1241 fouea

178 1262 432 1317 profundior
466 1262 547 1309 est,
583 1273 688 1314 quae
724 1258 843 1312 plicis
880 1260 1147 1301 circularibus
1184 1260 1441 1310 minoribus,
1476 1263 1648 1313 paucio·

178 1325 293 1367 ribus
346 1323 606 1378 pluribusne,
660 1323 946 1364 circumdatur
982 1334 1105 1377 atque
1147 1321 1386 1362 includitur.
1467 1323 1650 1365 Intersti-

183 1389 294 1430 tium
331 1398 474 1430 autem
510 1389 626 1430 inter
658 1388 844 1428 vortices
879 1387 958 1430 hos
993 1396 1173 1443 quatuor
1215 1384 1336 1441 plicis
1371 1385 1646 1431 obtusioribus

178 1452 295 1509 reple
303 1462 385 1494 tur.

371 1576 420 1618 In
456 1578 579 1620 leone
606 1580 795 1619 vortices
832 1576 1039 1617 eiusmodi
1075 1575 1177 1617 nulli
1213 1576 1495 1629 reperiuntur.
1539 1576 1648 1620 Sunt

181 1650 324 1684 autem
368 1642 455 1683 duo
489 1643 631 1696 magni
668 1653 711 1683 et
747 1640 981 1694 ampliffimi
1026 1640 1199 1681 folliculi
1234 1641 1276 1680 in
1313 1653 1389 1691 eo,
1424 1643 1650 1694 integerri-

182 1707 242 1747 mi
288 1715 330 1746 et
374 1706 620 1749 'sisibrotundi
666 1705 918 1759 angustoque
971 1703 1082 1744 inter
1116 1704 1154 1745 se
1188 1703 1355 1744 orificio
1406 1707 1648 1746 communi-

182 1779 341 1811 cantes.
480 1783 592 1811 *rum
639 1771 819 1824 parietes
865 1770 978 1807 intus
1020 1768 1140 1820 plicis
1176 1768 1515 1809 mansuer-salibus
1551 1783 1647 1823 par-

180 1835 283 1881 tim,
337 1839 580 1886 parhmqssie
617 1833 795 1873 arcuatis
831 1841 1122 1883 exornantur·⁷
1169 1841 1292 1884 atque
1337 1832 1381 1872 hi
1427 1832 1542 1882 sunt,
1594 1833 1645 1875 ad
1704 1876 1711 1877 ἶ

177 1909 285 1950 quos
320 1897 502 1937 vortices
558 1897 698 1951 igridis
733 1896 1042 1950 comparaueris
1062 1925 1074 1946 ,
1118 1895 1351 1950 quibusque
1386 1896 1448 1937 illi
1481 1897 1646 1951 analogi

180 1960 260 2000 effe
293 1960 505 2002 videntur.

365 2085 563 2141 Denique
597 2094 690 2128 tota
732 2086 836 2127 haec
870 2098 964 2139 pars
1004 2084 1163 2126 vesicae
1207 2086 1414 2139 posterior
1447 2087 1491 2128 in
1528 2087 1646 2140 tigri-

175 2153 251 2201 de,
287 2164 391 2205 quae
426 2151 547 2205 plicis
580 2151 792 2204 descriptis
827 2161 870 2192 et
902 2147 1130 2190 vorticibus
1165 2149 1323 2203 repleta
1368 2151 1448 2200 est,
1491 2163 1643 2203 magna

176 2215 245 2256 sed
280 2215 458 2272 simplici
491 2215 602 2273 plica
635 2215 897 2277 transuersali
933 2215 1184 2256 terminatur
1219 2223 1264 2255 et
1292 2214 1492 2269 areliqua
1526 2225 1644 2284 ante-

1534 2288 1638 2319 non
