1835 2553
708 138 823 222 »ἒς
885 165 900 224 )
939 166 1080 224 232(
1141 165 1257 217 geg..

254 285 356 327 stalli
394 289 552 324 tartaro
585 280 802 322 vitriolato
838 288 879 321 et
912 280 1096 321 alumine
1134 279 1318 324 mixtae,
1363 287 1470 328 quae
1507 287 1560 317 ex
1594 283 1714 330 parte

253 350 296 389 in
331 347 495 403 phialae
531 346 690 402 pariete
723 345 952 387 dendritica
986 343 1122 385 forma
1159 340 1447 382 concrescunt.

441 472 658 513 Drachma
708 472 900 512 cinerum
951 474 1246 524 depuratorum
1293 471 1336 509 in
1383 470 1507 509 vncia
1551 467 1715 522 spiritus

251 536 414 577 vitrioli
450 537 629 590 digesta,
674 529 854 576 eun‘dem
889 534 1006 575 nullo
1042 534 1184 573 colore
1222 534 1362 573 tinxit.
1430 534 1592 586 Liquor
1626 531 1719 585 post

253 600 509 650 colaturam,
544 611 594 640 vt
631 611 672 640 et
707 613 814 653 aqua
848 598 995 651 quibus
1031 598 1192 638 cineres
1229 596 1356 637 abluti
1392 596 1585 644 fuerunt,
1638 595 1722 634 acl·

252 665 354 705 dum
390 674 432 704 et
468 665 696 717 stypticum
734 662 888 715 saporis
939 661 1100 701 sensum
1153 660 1423 708 excitabant,
1482 669 1526 701 et
1563 659 1722 699 ablutio

256 729 472 775 cinerum,
500 728 618 766 'licet
663 727 824 767 fervida
868 726 1078 774 instituta,
1132 723 1309 764 multam
1346 737 1496 777 aquam
1533 724 1724 776 require-

256 791 339 832 bat.
408 790 635 831 Refiduum
671 788 886 843 scrupulos
922 790 1026 829 duos
1062 788 1252 842 pondere
1288 788 1509 840 superauit.
1567 788 1727 839 Liquo-

255 857 293 897 ri
327 856 447 896 acido
484 864 608 907 atque
644 854 854 907 styptico‚
909 853 981 906 qui
1016 852 1216 906 limpidus
1253 851 1482 899 manserat,
1537 844 1728 903 aliquanss

256 928 349 960 tum
400 918 519 959 alcali
563 918 639 958 fixi
686 918 831 962 soluti,
882 917 950 957 sed
995 929 1261 970 nequaquam
1307 916 1357 958 ad
1402 915 1724 958 saturationem,

257 983 446 1024 adfusum
482 983 563 1028 est,
616 983 731 1022 cuius
778 980 1091 1022 efferuescentia
1135 980 1316 1020 viridem
1364 979 1567 1019 excitauit
1611 977 1727 1018 colo-

257 1059 376 1095 rem,
415 1054 457 1085 et
493 1045 619 1086 terrei
655 1045 939 1099 aliquantum,
992 1043 1243 1089 seliniticae‚
1279 1053 1327 1082 vt
1359 1043 1551 1089 videtur,
1606 1050 1728 1080 natu-

258 1123 331 1152 rae
366 1109 672 1162 praecipitauit.
761 1107 1079 1160 Euaporatione
1131 1105 1281 1147 deiude
1330 1106 1513 1144 instituta
1549 1104 1727 1157 insignes

260 1172 440 1223 crystalli
475 1172 653 1218 virides,
689 1170 922 1222 pellucidae
958 1171 1229 1210 oriebantur:
1264 1181 1417 1208 vetum
1454 1169 1609 1207 scilicet
1644 1168 1731 1207 alu-

261 1248 389 1282 men,
424 1234 543 1273 acido
578 1232 939 1285 superabundante
974 1231 1162 1281 foetu1n3
1213 1230 1333 1270 fimul
1368 1242 1599 1282 apparuere
1635 1242 1730 1282 par-

261 1298 385 1338 vulae
421 1296 614 1346 crystalli,
651 1308 861 1350 paruaque
898 1295 1020 1349 copia
1055 1303 1095 1334 et
1131 1294 1226 1335 albo
1262 1293 1431 1341 colore,
1467 1305 1572 1344 quae
1608 1301 1734 1332 tarta-

266 1363 300 1403 ri
340 1360 545 1403 vitriolati
578 1360 836 1403 characteres
873 1358 1077 1400 ferebant.
1139 1358 1187 1398 In
1223 1357 1304 1397 hoc
1341 1357 1634 1410 expeiimento
1669 1356 1733 1396 vi-

264 1426 368 1468 ridis
404 1424 474 1466 ille
511 1423 652 1471 color,
697 1433 739 1464 et
774 1422 1053 1477 nigrescentia
1088 1422 1262 1475 liquoiis
1303 1434 1399 1461 cum
1437 1421 1613 1460 tinstura
1648 1419 1736 1472 gal-

267 1489 431 1536 larum,
485 1487 692 1527 indicabat
744 1487 910 1528 acidum
956 1487 1114 1527 vitrioli
1151 1484 1270 1525 fimul
1307 1498 1403 1525 cum
1439 1495 1549 1524 terra
1585 1483 1733 1525 alumi-

269 1552 359 1598 nari
392 1549 615 1606 particulas
650 1550 803 1591 ferreas
838 1550 881 1591 in
917 1549 1124 1591 cineribus
1161 1559 1380 1590 contentas
1415 1548 1587 1589 soluiffe.

285 1744 288 1748 .
319 1745 321 1748 Α
405 1729 406 1734 ,
459 1689 778 1733 Semidrachma
812 1690 1000 1730 cinerum
1038 1701 1133 1729 cum
1170 1688 1354 1741 quinque
1389 1686 1597 1728 drachmis
1621 1684 1731 1742 Spir.

272 1757 599 1809 nitri'digesta‚
652 1768 673 1795 e
709 1754 864 1795 filtr‘ato
914 1754 1102 1806 liquore,
1157 1753 1248 1806 post
1301 1752 1601 1791 saturationem
1653 1763 1732 1823 ope

271 1820 412 1863 Alcali
446 1820 523 1860 fixi
558 1819 812 1866 institutam,
868 1818 1145 1858 sedimentum
1193 1816 1422 1856 calcareum
1460 1815 1596 1855 album
1635 1809 1734 1868 prd-

259 1885 402 1933 eiecit,
438 1885 554 1924 cuius
589 1895 683 1935 pars
723 1882 861 1935 aliqua
907 1883 1045 1922 denuo
1079 1880 1258 1920 resoluta
1292 1879 1393 1930 fuit,
1444 1889 1490 1919 vt
1524 1879 1734 1920 residuum

265 1949 471 1992 siccatum
509 1948 636 1987 trium
673 1946 804 1986 modo
838 1958 1064 2014 granorum
1104 1945 1265 1998 pondus
1303 1952 1511 1997 aequaret.

463 2070 608 2123 Itaque
644 2070 750 2111 libra
802 2069 1032 2126 (sexdecim
1070 2068 1313 2125 vncifflum)
1353 2068 1447 2112 Coi
1433 2071 1590 2111 fernae
1625 2063 1739 2111 laets-

276 2133 363 2174 stris
400 2142 443 2175 et
479 2135 691 2177 fluuiatilis
727 2134 974 2181 exsiccatae,
1013 2148 1118 2187 quae
1154 2148 1294 2175 recens
1332 2143 1386 2175 ex
1423 2149 1526 2187 aqua
1560 2130 1736 2183 educta,

261 2197 495 2261 9biterque
548 2198 732 2252 expressa
783 2207 962 2252 quatuor
1008 2199 1091 2239 fele
1136 2198 1351 2239 librarum
1382 2198 1558 2252 Pondus
1581 2194 1733 2242 efficit,

1663 2269 1736 2310 per
