1835 2553
55 1159 145 1198 Tab.
171 1158 219 1198 11.

55 1208 135 1263 Fig.
163 1224 196 1250 1-

683 148 796 203 »ta-:e
862 149 1057 208 >122<
1120 155 1239 206 aea<-

233 257 371 298 oneris
409 254 675 307 sustinendi,
697 272 788 301 tam
828 267 1000 300 ratione
1037 263 1221 302 or'affitiei
1244 292 1256 312 ,
1307 273 1436 316 quam
1469 259 1701 304 altitudinis

234 321 439 375 sequatur.

423 419 458 467 ξ.
499 430 537 458 2.
600 417 713 459 Non
745 432 893 473 parum
930 422 1059 475 igitur
1091 422 1178 462 sum
1217 422 1402 471 miratus,
1440 434 1537 462 curn
1562 434 1700 475 nuper

234 476 552 523 celeberrimam
596 483 957 538 Encyclopediam
1003 484 1207 527 Gallicam
1256 488 1529 535 euoluerem,
1575 485 1699 539 quod

233 541 306 582 sub
343 545 465 585 titulo
501 546 797 587 columnarum
833 549 994 588 disertis
1029 549 1168 588 verbis
1206 550 1289 602 ipsa
1325 563 1417 590 mea
1452 549 1692 602 proportio,

235 608 348 661 quasi
392 610 434 648 in
470 610 619 663 vulgus
655 612 839 663 cognita,
873 612 1135 651 in'medium
1174 613 1416 665 profertur,
1468 613 1694 653 secuudum

235 685 360 725 quam
398 686 551 721 onera,
587 686 693 726 quae
727 675 952 714 columnae
988 675 1239 725 cylindricae
1276 678 1462 716 eiusdem
1497 675 1697 716 diametri

232 736 393 790 gestare
428 737 581 785 valent,
617 737 827 777 rationem
869 738 1130 791 reciprocam
1152 738 1402 791 duplicatam
1428 739 1698 780 altitudinum

235 810 379 840 tenere
414 799 713 854 perhibentur;
764 802 822 840 ita
856 812 902 841 vt
937 801 1136 842 columna
1167 801 1297 855 duplo
1332 802 1455 842 altior
1506 813 1699 854 quartam

234 873 399 904 tantum
443 875 607 917 partem
655 864 796 904 oneris
832 863 1028 905 sustinere
1058 865 1224 919 queat,
1277 878 1415 918 neque
1448 877 1555 905 vero
1588 865 1698 906 vllus

234 929 380 969 auctor
422 927 651 980 allegatur,
703 928 774 979 qui
825 927 931 970 hanc
968 930 1287 982 proportionem
1326 929 1408 969 siue
1445 942 1497 969 ex
1533 928 1699 983 experi-

233 992 387 1033 mentis
421 991 685 1042 concluserit,
720 989 814 1032 siue'
839 1004 915 1045 per
952 991 1157 1034 theoriam
1194 992 1524 1034 confirmauerir.

423 1118 456 1170 §-
494 1131 534 1169 3.
604 1116 788 1174 Quando
838 1126 981 1160 autem
1036 1119 1281 1173 quaeritur,
1333 1126 1535 1171 quantum
1589 1130 1645 1158 on

237 1181 277 1226 O
312 1183 408 1225 data
451 1184 623 1236 quaeuis
668 1184 866 1224 columna
907 1182 1119 1224 AissCD
1156 1196 1234 1236 pro
1268 1182 1430 1222 ratione
1467 1131 1701 1231 altitudin'g

234 1258 278 1290 et
311 1246 499 1289 crassitiei
534 1247 690 1301 gestare
724 1246 882 1295 valeat,
916 1247 1103 1300 quaestio
1138 1247 1222 1286 fine
1256 1245 1383 1285 dubio
1420 1246 1607 1284 maxime
1641 1239 1700 1286 est

234 1313 395 1362 ardua,
429 1323 566 1363 neque
600 1310 714 1351 enim
751 1311 891 1357 video,
943 1310 1163 1365 quomodo
1197 1322 1246 1349 ea
1280 1320 1336 1348 ex
1370 1307 1550 1361 cognitis
1584 1307 1701 1360 prin-

233 1376 371 1430 cipiis,
404 1375 517 1416 circa
562 1375 814 1416 soliditatem
860 1387 1091 1428 corporum
1138 1372 1337 1422 stabilitis,
1373 1371 1525 1412 resolui
1559 1371 1699 1425 posiit.

233 1439 455 1495 Quoniam
492 1439 607 1480 enim
643 1452 748 1480 onus
780 1436 821 1479 O
858 1438 1256 1492 perpendiculariter
1290 1435 1486 1476 deorsum
1527 1435 1698 1489 premit,

234 1503 350 1550 nulla
386 1503 553 1556 prorsus
589 1504 653 1551 vis
689 1503 821 1542 adesse
853 1503 1042 1549 videtur,
1084 1514 1193 1554 quae
1226 1490 1469 1541 columnam
1504 1509 1700 1552 rumpere

235 1568 403 1615 tendat,
439 1567 711 1618 quantumuis
747 1566 873 1605 etiam
912 1577 1111 1618 magnum
1146 1564 1271 1605 fuerit
1308 1562 1439 1615 onu53
1473 1572 1700 1616 propterea

235 1631 352 1686 quod
387 1630 499 1672 nulla
533 1631 643 1671 ratio
677 1627 1019 1684 deprehenditur,
1057 1642 1131 1670 cur
1166 1628 1364 1670 columna
1401 1627 1540 1682 potius
1561 1629 1699 1668 versus

233 1707 364 1737 vnam
400 1695 646 1748 regionem,
690 1705 817 1748 quam
852 1694 1044 1746 quamuis
1079 1693 1200 1734 aliam
1237 1689 1473 1734 inflectatur
1507 1699 1550 1731 et
1586 1690 1700 1732 fran-

235 1770 375 1814 gatur.
444 1759 620 1800 Interim
654 1768 798 1800 tamen
833 1758 1101 1812 experientia
1136 1758 1231 1799 satis
1261 1757 1455 1803 declarat,
1490 1754 1571 1795 tale
1591 1762 1697 1796 onus

234 1837 322 1865 non
351 1823 462 1868 vltra
495 1833 636 1869 certos
670 1823 827 1875 limites
862 1823 1004 1876 augeri
1039 1823 1165 1877 posse,
1201 1832 1324 1874 atque
1359 1821 1465 1861 adeo
1487 1819 1529 1859 in
1550 1828 1701 1859 natura

234 1886 632 1941 nunquam-causae
668 1887 812 1952 desunt
835 1906 870 1941 ,g
891 1900 997 1940 quae
1032 1897 1254 1940 rupturam
1288 1886 1331 1926 in
1369 1896 1493 1924 vnam
1529 1882 1696 1937 plagam

235 1953 410 2008 potius,
461 1965 586 2006 quam
640 1947 788 1994 om'nes
829 1951 937 1992 alias
989 1951 1234 2024 producant.
1311 1949 1462 2003 Neque
1497 1957 1638 1987 tamen
1674 1957 1701 1986 a

238 2029 452 2071 quoquam
488 2016 676 2058 Auctore
712 2016 920 2071 eiusmodi
956 2016 1160 2070 principia
1196 2014 1367 2056 stabilita
1402 2012 1480 2053 effe
1514 2011 1700 2066 reperio,

235 2083 347 2124 vnde
379 2081 633 2125 solutionem
666 2081 792 2124 huius
827 2081 1077 2138 quaestionis
1110 2089 1256 2138 petere
1289 2079 1429 2121 liceat.

1559 2203 1700 2255 Μ
