1835 2553
588 139 703 191 mae&
766 132 961 195 32³⁷(
1025 133 1142 186 22³3<-

132 263 212 296 tur.
278 250 376 293 Vna
413 250 578 291 tandem
614 250 822 291 eiusmodi
856 249 1034 292 inflexio
1067 249 1152 299 est,
1207 260 1316 305 quae
1350 247 1459 294 inter
1491 251 1589 295 reli-

129 330 229 370 quas
265 315 400 357 notari
436 325 629 361 meretur,
665 322 705 353 et
742 326 824 367 qua
856 312 1034 354 vesicula
1069 313 1228 367 tigridis
1262 329 1285 355 a
1318 314 1451 356 leonis
1479 317 1589 358 vesi-

131 381 224 423 cula
258 392 390 433 aeque
422 388 547 430 atque
581 375 826 429 obliquitate
858 377 1143 418 inflexionum
1177 388 1219 419 et
1252 378 1505 421 torsionibus
1546 379 1589 420 se

129 445 357 498 distinguit.
424 441 556 494 Prope
589 439 765 481 fundum
802 454 852 482 ea
885 441 965 490 est,
1003 441 1257 496 duciturque
1290 453 1458 498 praeter
1494 456 1590 485 mo-

130 521 222 551 rem
265 516 519 548 caeterarum
564 504 832 545 transuerfim
874 506 985 547 circa
1016 504 1274 555 vesiculam,
1327 519 1506 561 eamque
1541 507 1588 549 in

131 571 210 614 hac
244 566 335 611 sede
369 567 481 622 quasi
516 568 773 622 constringit,
809 580 907 622 quo,
941 581 1048 622 quae
1082 568 1244 624 reliqua
1279 571 1350 620 est,
1385 572 1472 611 eius
1491 584 1587 624 pars

131 636 184 678 ad
217 634 391 675 fundum
424 644 570 683 vsque,
594 632 840 672 extenditur
872 633 1160 687 tumidiorque
1193 643 1318 688 atque
1342 634 1487 675 inflata
1508 634 1590 676 effe

130 698 309 740 videtur.
379 696 451 738 Ad
485 685 657 735 eandem
692 695 799 735 hanc
835 695 973 736 sedem
1006 708 1153 750 vsque,
1190 697 1261 738 vbi
1289 697 1468 738 vesicula
1486 710 1590 738 con-

131 762 373 815 stringitur,
429 760 622 799 immersa
657 757 761 798 haec
794 772 961 812 quoque
995 759 1081 808 est,
1133 769 1177 800 et
1211 760 1447 801 abscondita
1481 762 1591 803 inter

132 826 251 868 lobos
295 823 471 877 hepatis.
556 820 676 875 Quae
710 821 819 861 vltra
853 823 1191 863 constrictionem
1227 824 1590 877 autem-superest

135 890 223 931 eius
266 901 358 942 pars
404 886 574 927 caeteris
618 885 748 937 magis
783 884 956 934 inflata,
1007 898 1054 925 ea
1089 885 1173 926 sola
1207 897 1249 927 et
1283 887 1414 928 libera
1448 888 1504 928 est
1539 888 1591 928 ab

135 951 379 994 adhaesione
415 959 457 989 et
491 960 589 1002 prae
621 947 774 1000 hepate
825 948 1005 988 anterius
1041 949 1213 989 eminet.
1281 949 1350 990 Sic
1387 950 1459 990 ista
1493 964 1588 1003 pars

132 1016 210 1057 fitu
261 1014 391 1066 figura
432 1022 474 1051 et
509 1010 795 1063 magnitudine
830 1011 1017 1053 distincta
1051 1020 1141 1054 tota
1175 1012 1219 1054 in
1254 1013 1432 1055 vesicula
1468 1014 1590 1070 tigri:

132 1079 195 1119 dis
227 1076 377 1117 fundus
416 1073 616 1127 appellari
650 1082 848 1116 meretur.

322 1203 515 1245 Vesicula
555 1204 677 1244 fellea
710 1205 896 1244 hominis
932 1213 1023 1246 tota
1059 1205 1240 1257 aequalis
1275 1207 1331 1247 est
1365 1216 1407 1247 et
1440 1204 1591 1262 aequass

136 1269 234 1309 liter
278 1267 448 1307 extensa
491 1268 532 1306 in
577 1266 792 1319 superficie
828 1268 894 1308 sua
928 1268 1131 1309 exteriori
1166 1267 1235 1309 seu
1270 1269 1476 1311 inferiori.
1543 1271 1594 1312 In

138 1331 228 1374 solo
261 1330 346 1370 fine
381 1330 611 1384 posteriori,
647 1330 717 1370 vbi
751 1330 924 1372 vesicula
957 1332 1035 1372 esse
1071 1331 1218 1372 definit
1251 1342 1293 1373 et
1327 1334 1472 1374 duetus
1498 1333 1593 1375 fieri

139 1395 318 1448 incipit,
363 1393 432 1433 vel
465 1394 592 1434 etiam
635 1394 678 1433 in
715 1393 826 1435 collo
859 1395 1076 1444 veficulae‚
1111 1407 1194 1435 vna
1225 1406 1267 1436 et
1297 1397 1426 1438 altera
1455 1398 1594 1439 leuior

141 1468 362 1499 curuatura
393 1456 601 1497 obseruari
637 1456 750 1497 solet.
818 1457 978 1500 Ductus
1014 1468 1154 1499 autem
1190 1460 1366 1510 cysticus
1401 1461 1485 1512 ipse
1518 1472 1593 1501 va·

141 1522 212 1562 riis
248 1522 289 1560 in
322 1519 494 1561 homine
528 1520 826 1561 inflexionibus
862 1532 902 1562 et
935 1522 1165 1562 curuaturis
1200 1524 1378 1562 omnino
1398 1532 1595 1575 notatur;

142 1594 189 1624 vt
223 1583 410 1637 spiralem
446 1596 611 1637 quoque
646 1585 684 1625 ei
718 1583 896 1639 figuram
932 1584 1124 1625 nonnulli
1159 1587 1494 1628 anatomicorum
1523 1586 1595 1627 ad-

143 1647 383 1701 scripserint.

331 1776 594 1829 Ligamentis
622 1777 781 1832 tigridis
817 1776 993 1819 vesicula
1028 1776 1159 1819 tribus
1191 1778 1343 1833 gaudet
1377 1778 1595 1829 teretibus,

147 1837 294 1892 quibus
344 1840 393 1879 ad
439 1839 567 1894 hepar
601 1842 842 1882 reuincitur.
910 1841 1027 1882 Haec
1063 1843 1316 1883 membranis
1349 1843 1595 1893 latioribus,

147 1913 203 1941 ex
222 1902 362 1942 tunica
396 1901 598 1944 vesiculae
631 1916 807 1946 externa
844 1906 1118 1952 continuatis,
1154 1907 1419 1947 obducuntur
1454 1917 1497 1945 et
1531 1907 1597 1945 in-

147 1963 404 2014 vomuntur,
440 1978 536 2006 cum
566 1966 698 2021 iisque
732 1969 780 2009 ad
816 1967 946 2022 hepar
981 1969 1018 2008 se
1054 1969 1289 2023 applicant3
1321 1969 1597 2022 quemadmo-

117 2061 122 2063 μ
150 2028 249 2067 dum
291 2029 399 2069 vteri
423 2026 664 2082 ⁸‚iligamenta
709 2033 854 2072 teretia
889 2032 930 2071 in
967 2031 1038 2071 alis
1073 2032 1420 2085 vespertilionum
1455 2032 1596 2071 conti·

148 2099 311 2139 nentur,
341 2091 384 2132 in
419 2092 552 2146 iisque
586 2095 634 2134 ad
668 2093 796 2136 latera
829 2094 960 2148 peluis
996 2094 1199 2135 feruntur.
1262 2091 1404 2136 Craffa
1437 2095 1530 2135 sunt
1551 2103 1596 2135 et

148 2153 313 2195 robusta
352 2154 454 2197 haec
498 2155 724 2210 ligamenta
764 2158 912 2198 teretia
954 2168 996 2199 et
1029 2156 1290 2214 duplicatura
1323 2158 1488 2199 tunicae
1523 2170 1599 2198 ex-

813 2217 851 2260 G
870 2233 897 2274 g
934 2232 958 2270 3
1519 2231 1605 2263 ter-
