2912 4368
783 964 896 1017 ·>3223
962 963 1096 1021 )241
1139 959 1154 1017 (
1219 963 1334 1015 33³3«

332 1081 558 1135 scriptione
594 1077 795 1120 vesiculae
829 1076 1020 1117 leoninae
1057 1074 1216 1132 (Torno
1245 1072 1603 1119 Commentarior.
1641 1089 1787 1119 nouor.

337 1146 452 1186 XIX.
489 1159 581 1200 pag.
622 1153 723 1192 383.
765 1139 895 1196 384.)
947 1155 1027 1194 qua
1062 1142 1223 1181 rarione
1259 1151 1299 1180 et
1334 1142 1540 1195 simplices
1577 1141 1711 1196 plicae
1747 1150 1788 1182 et

335 1211 465 1251 moles
529 1207 732 1249 eiusmodi
793 1206 1000 1259 plicarum
1068 1206 1479 1259 conglomeratamm
1543 1206 1785 1246 efficiantur„

335 1273 498 1315 Secedit
550 1273 615 1312 vel
666 1283 815 1310 neruea
860 1271 999 1310 tunica
1041 1282 1124 1311 vna
1159 1282 1256 1309 cum
1292 1270 1437 1310 villosa
1471 1284 1493 1310 a
1530 1270 1788 1318 musculosa,

335 1340 399 1379 vel
450 1337 533 1391 ipsa
586 1336 690 1376 haec
743 1334 945 1388 posterior
996 1347 1092 1374 cum
1144 1334 1249 1373 binis
1286 1334 1492 1387 prioribus
1530 1334 1578 1375 ab
1615 1344 1791 1374 externa

332 1402 536 1443 vesiculae
572 1404 711 1440 tunica
733 1428 742 1445 ‚
789 1406 830 1438 et
864 1398 1131 1438 interstitium
1167 1399 1282 1438 inter
1318 1398 1552 1440 secedentes
1589 1411 1789 1451 eamque,

334 1477 439 1519 quae
482 1465 591 1505 retsta
626 1462 789 1509 transit,
825 1462 937 1513 quod
974 1462 1139 1510 oritur,
1196 1462 1318 1501 densa
1354 1464 1561 1515 crass'aque
1598 1460 1792 1503 cellulosa

333 1530 531 1582 repletur.
601 1527 667 1568 Sic
703 1527 810 1565 intra
845 1525 1066 1565 vesiculam
1103 1526 1418 1579 protuberantia
1451 1526 1645 1570 efficitur,
1682 1538 1787 1579 quae

331 1593 541 1633 'vesiculae
577 1592 799 1632 cauitatem
821 1619 831 1637 ,
881 1589 951 1627 vel
998 1588 1176 1641 aliquam
1214 1591 1301 1629 eius
1338 1602 1503 1642 partem
1539 1592 1581 1630 in
1617 1603 1664 1631 ea
1699 1590 1790 1630 sede

336 1666 528 1710 occupat.
595 1657 706 1695 Tum
743 1664 844 1691 vero
880 1654 921 1690 in
958 1652 1041 1703 ipsa
1076 1653 1389 1704 protuberantia
1425 1654 1494 1693 seu
1531 1654 1643 1694 mole
1668 1684 1677 1702 ‚
1729 1654 1792 1693 in-

337 1731 401 1761 tra
434 1719 651 1760 vesiculam
688 1718 913 1763 eminente,
949 1716 1113 1754 interna
1144 1716 1286 1755 villosa
1317 1717 1456 1755 runica
1492 1730 1621 1770 porro
1654 1732 1674 1756 a
1698 1730 1794 1757 nei·-

334 1794 409 1823 vea
458 1783 584 1821 variis
623 1782 662 1819 in
700 1780 801 1818 locis
837 1778 1018 1825 secedit,
1073 1779 1291 1831 varia<que
1328 1780 1386 1818 sui
1421 1780 1679 1831 duplicatum
1714 1782 1794 1832 pli·

333 1858 399 1885 cas
435 1845 651 1896 producit,
687 1855 792 1894 quae
829 1841 985 1880 basibus
1024 1841 1100 1881 suis
1138 1841 1316 1894 fingulae
1351 1842 1413 1881 isti
1450 1843 1790 1895 protuberantiae

332 1907 523 1955 insident,
561 1907 899 1958 marginibusque
935 1906 1063 1945 acutis
1099 1907 1142 1945 in
1176 1907 1397 1946 multarem
1427 1906 1629 1946 reficulae
1667 1907 1794 1959 respi-

333 1973 463 2010 ciunt.
532 1969 677 2022 Atque
715 1983 762 2008 ea
797 1970 959 2007 ratione
997 1981 1143 2008 omnes
1178 1969 1310 2020 plicae
1347 1970 1444 2009 istae
1473 1970 1581 2021 quafi
1602 1972 1643 2009 in
1662 1983 1790 2010 Vnam

334 2033 494 2073 molem
532 2032 913 2084 conglomerantur.
982 2029 1201 2085 Simplices
1238 2042 1374 2071 autem
1411 2033 1631 2081 oriuntur,
1689 2034 1791 2073 dum

334 2097 419 2137 sola
453 2096 597 2135 villosa
633 2109 654 2134 a
690 2107 842 2136 neruea
875 2095 1055 2146 recedit,
1092 2096 1233 2150 suique
1269 2095 1530 2152 duplicatum
1565 2096 1692 2151 plicas
1728 2097 1793 2137 di-

336 2161 497 2201 ssinstas
545 2157 684 2200 efficit.

532 2318 693 2360 Seriem
738 2318 848 2372 quasi
885 2319 963 2359 hae
998 2318 1130 2372 plicae
1166 2318 1207 2358 in
1244 2318 1453 2372 principio
1487 2318 1691 2359 vesiculae
1727 2317 1791 2359 in-

340 2392 405 2423 ter
440 2382 476 2422 se
511 2383 711 2433 efficiunt,
748 2396 923 2435 quarum
959 2384 1094 2436 prima
1128 2393 1170 2423 et
1206 2383 1379 2423 secunda
1416 2384 1678 2423 transuersim
1714 2397 1793 2436 po·

339 2447 435 2487 firae
485 2447 737 2499 marginibus
789 2447 865 2487 suis
918 2448 1049 2487 acutis
1102 2448 1307 2487 retrosum
1354 2457 1396 2485 et
1433 2448 1603 2487 duc'tum
1650 2447 1791 2487 versus

342 2510 542 2560 cysticum
576 2511 815 2564 respiciunt,
850 2513 972 2551 tertia
1007 2523 1122 2559 vem,
1160 2521 1304 2564 quarta
1338 2511 1565 2562 quintaque
1601 2521 1641 2550 ct
1678 2513 1793 2551 sexta

340 2574 534 2622 demum,
572 2576 819 2614 transuersae
855 2575 1065 2623 similiter,
1102 2577 1230 2614 acutis
1268 2575 1521 2626 marginibus
1559 2576 1793 2615 autrorsum

342 2637 389 2675 ad
425 2636 644 2676 *vesiculam
681 2639 871 2691 spectant.
940 2638 1165 2679 Simillima
1200 2639 1320 2679 series
1348 2639 1566 2691 plicarum,
1602 2641 1792 2679 jux-nam

340 2699 531 2739 similiter
567 2701 725 2740 molem
760 2702 1186 2755 conglomeratarum‚
1220 2705 1262 2742 in
1298 2702 1489 2742 leoninae
1526 2717 1691 2755 quoque
1720 2716 1793 2743 vc-

341 2764 489 2803 siculae
526 2765 731 2817 principio
766 2766 1066 2818 reperiebatur3
1120 2766 1249 2805 modo
1284 2776 1330 2805 vt
1363 2767 1497 2819 plicae
1534 2768 1666 2805 multo
1705 2779 1793 2805 ma-

341 2828 448 2865 iores
493 2828 533 2865 in
579 2827 660 2867 hoc
696 2829 862 2868 animali
898 2831 1022 2869 effent
1044 2859 1053 2877 ‚
1107 2831 1319 2883 magisque
1355 2844 1378 2869 a
1414 2828 1452 2867 se
1489 2840 1639 2869 mutuo
1674 2830 1796 2871 dista-

342 2900 446 2940 rent,
483 2901 524 2930 cr
558 2892 776 2932 interstitia
809 2892 1174 2948 loculamentaque
1209 2894 1370 2936 maiora
1406 2892 1629 2935 efficerent.

340 3046 586 3108 Αίῖα-Αιᾘαί
606 3048 701 3105 lmp-
722 3048 757 3093 S
760 3063 791 3092 ι’.
811 3048 917 3093 Tom.
938 3049 989 3092 ΙΙ.
1011 3049 1056 3093 Ρ.
1077 3049 1111 3093 Ι.
1300 3052 1343 3093 H
1376 3052 1406 3092 h
1677 3046 1793 3095 Con-
