1835 2553
571 222 687 276 »ἐξ
751 217 768 278 >
805 231 892 282 34⁵
929 216 946 277 (
1010 217 1127 273 323<-

110 340 175 382 his
212 350 316 381 vero
349 336 583 382 Elementis
618 335 926 391 Longitudines
962 330 1169 379 Cometae
1203 329 1263 372 ita
1295 338 1420 373 erunt
1440 328 1578 372 deter-

110 413 322 447 minatae:

403 479 572 535 Longit.
607 473 838 520 Cometae.
1026 471 1250 514 Different.
1287 472 1337 512 ab
1372 470 1582 514 obseruat-

315 559 340 586 2
374 543 484 601 Aug,
587 544 639 595 3⁸.
691 547 749 588 6⁹,
805 538 855 582 2¹.
874 538 958 592 44¹¹
1189 535 1332 577 —12‘1

286 622 342 650 12
407 632 426 639 -
589 621 630 659 3.
671 620 742 649 10.
780 621 856 660 47.
878 618 939 657 42
1092 605 1321 652 -12¹.56

283 687 340 726 29
407 697 424 706 -
593 686 632 725 3.
674 686 745 713 21.
813 683 856 712 ο.
884 683 943 723 43
1188 680 1310 720 -40

307 753 326 779 1
368 735 522 780 octob.
589 752 634 790 4.
675 749 746 778 10.
786 749 858 778 12.
913 738 944 774 6
1002 752 1012 793 Ι
1186 739 1231 780 ÷
1286 744 1314 772 0

114 840 173 883 ita
206 846 253 878 vt
289 848 399 877 nunc
434 835 607 889 quidem
642 834 910 889 perspicuum
944 830 1032 884 fiat,
1067 831 1191 874 aucto
1226 840 1422 884 tempore
1441 825 1586 868 Perio-

116 904 214 945 dico
250 913 414 942 errores
450 899 793 942 obseruationum
830 896 1030 939 secundae
1068 895 1342 951 apparitionis
1376 894 1582 935 continuo

115 967 248 1021 magis
284 966 501 1020 magisque
547 964 787 1009 increscere.
851 961 996 1017 Quam
1032 961 1088 1003 ob
1123 974 1228 1011 rem,
1263 958 1426 1002 etiamfi
1463 957 1583 997 adhi-

115 1032 206 1073 bito
251 1039 444 1083 tempore
488 1027 711 1070 Periodico
760 1027 831 1069 sex
866 1038 1105 1076 annorum,
1164 1024 1386 1066 Elementa
1420 1021 1583 1063 orbitae

115 1094 237 1137 facile
270 1094 553 1146 detegantur,
607 1106 713 1144 quae
748 1105 845 1133 cum
882 1089 1083 1132 vniuerfis
1118 1088 1182 1130 his
1217 1085 1583 1129 obseruationibus

115 1157 397 1205 consentiunt,
435 1166 577 1197 tamen
613 1155 802 1197 dubitare
837 1155 952 1203 licet,
989 1167 1041 1195 an
1078 1162 1245 1207 tempus
1284 1151 1526 1193 Periodium
1552 1151 1582 1188 6

117 1233 326 1264 annorum
362 1232 461 1261 cum
497 1220 709 1267 dimidio,
745 1220 805 1259 ita
840 1219 1005 1259 admitti
1042 1227 1180 1271 queat,
1216 1226 1263 1256 vt
1298 1217 1428 1257 modo
1463 1214 1584 1255 dietis

116 1283 479 1329 obseruationibus
515 1282 759 1325 verisimiles
794 1282 1045 1324 inducantur
1079 1292 1260 1323 errores.

308 1413 344 1462 §-
383 1424 454 1462 29.
521 1409 720 1467 Denique
755 1425 835 1467 pro
871 1410 1163 1454 confirmando
1197 1410 1342 1452 valore
1378 1406 1585 1463 temporis

118 1476 326 1522 Periodici
347 1491 369 1517 a
388 1476 506 1517 nobis
529 1477 719 1527 inuento,
732 1477 901 1531 sequens
922 1475 1107 1518 adhiberi
1129 1476 1262 1529 potest
1276 1484 1585 1529 argumentum.

120 1543 349 1594 Vtcunque
401 1549 538 1582 motus
592 1539 801 1583 Cometae
863 1555 939 1597 per
991 1542 1198 1584 aetionem
1252 1540 1408 1581 telluris
1460 1538 1588 1578 fuerit

120 1606 420 1662 perturbatus,
457 1615 598 1646 tamen
634 1620 712 1662 pro
747 1617 866 1648 certo
901 1607 1074 1647 statuere
1110 1605 1279 1655 licebit,
1314 1603 1414 1644 hinc
1449 1601 1587 1657 ipsum

122 1669 337 1713 Cometae
386 1683 463 1724 per
513 1669 766 1713 Perihelium
820 1671 1037 1712 transitum
1084 1671 1159 1711 vix
1204 1669 1334 1710 vnico
1369 1669 1435 1710 die
1470 1666 1586 1708 fuisse

121 1736 421 1784 immutatum,
457 1747 533 1776 nec
567 1736 611 1776 in
644 1737 730 1790 ipsa
763 1734 971 1778 cometae
1007 1736 1200 1778 distantia
1235 1732 1432 1774 Perihelii
1466 1742 1587 1785 prae-

120 1799 299 1855 grandes
334 1799 587 1841 mutationes
623 1800 720 1842 inde
757 1802 860 1843 oriri
896 1809 1152 1855 potuerunt;
1197 1810 1252 1840 ex
1295 1809 1381 1851 quo
1414 1794 1587 1837 conclu-

122 1864 252 1911 ditur,
285 1862 461 1904 assumto
496 1874 612 1906 certo
645 1864 788 1907 valore
825 1866 1030 1919 temporis
1066 1862 1290 1913 Periodici,
1325 1860 1587 1903 obseruatio·

124 1941 199 1970 nes
237 1935 332 1968 ante
368 1937 411 1968 et
445 1928 534 1981 post
571 1925 778 1971 cometae
807 1931 1057 1986 proximum
1077 1930 1127 1970 ad
1153 1927 1346 1969 tellurem
1367 1926 1588 1976 accessum,

123 1992 270 2035 saltem
307 2003 360 2032 eo
393 2003 528 2047 vsque
561 1994 800 2036 consentire
834 1995 1004 2045 debere,
1039 2003 1087 2035 vt
1125 2003 1321 2047 tempora
1354 1990 1586 2046 praebeant

124 2069 206 2112 pro
239 2055 414 2097 transitu
451 2068 528 2110 per
560 2057 832 2110 Perihelium,
867 2072 976 2114 quae
1011 2059 1088 2100 vix
1122 2069 1210 2098 vno
1244 2055 1312 2097 vel
1347 2055 1480 2097 altero
1518 2053 1587 2095 die

124 2122 236 2163 inter
270 2120 308 2161 se
342 2119 589 2177 discrepent.
656 2123 747 2164 Iam
782 2137 886 2165 vero
920 2136 975 2166 ex
1010 2121 1178 2164 calculis
1202 2117 1296 2162 Cel.
1315 2121 1479 2174 Pingre‘,
1507 2130 1588 2174 pro

128 2185 265 2227 orbita
282 2183 537 2235 Parabolica,
573 2185 929 2230 obseruationibus
965 2187 1109 2230 mense
1140 2185 1250 2227 Iunii
1286 2185 1494 2234 institutis,
1530 2183 1589 2225 sa-

129 2248 391 2297 tisfaciente,
441 2250 707 2303 perspicuum
742 2251 844 2301 fiet,
888 2265 973 2308 quo
1010 2252 1144 2308 magis
1178 2260 1382 2304 augeatur
1416 2259 1588 2304 tempus

129 2312 231 2358 Aaa
249 2312 374 2357 Acad.
392 2311 488 2371 Imp.
507 2313 576 2359 Sc.
595 2314 705 2358 Tom.
723 2315 775 2359 II.
794 2319 840 2358 P.
857 2315 889 2359 1.
1172 2314 1215 2359 Χ
1249 2326 1281 2358 x
1475 2342 1478 2345 -
1509 2313 1590 2357 Pe-
