1835 2553
642 153 756 205 *ἓξὲξ
822 149 1016 211 )134(
1082 154 1197 206 ἓίεὲω

185 264 274 305 eius
310 274 412 304 vero
447 263 702 306 diametrum
737 278 847 307 nunc
883 281 1089 322 ponamus
1110 267 1281 312 :b,et
1316 269 1516 321 quoniam
1553 282 1650 312 mo·

184 341 241 380 do
274 341 512 382 inuenimus
548 339 907 406 Ekkz⁵ff⁶²j⁴b‚
968 348 1045 387 erit
1101 359 1206 387 onus
1275 348 1387 400 quod
1449 347 1522 388 ista
1574 361 1645 389 co-

183 427 329 468 lumna
363 428 557 470 sustinere
594 431 749 472 valebit
784 441 878 471 ante
914 445 1040 484 quam
1077 433 1324 474 incuruetur
1358 428 1647 497 Οῐξπῖξέὴ,

182 509 299 550 cuius
361 515 566 566 quantitas
628 526 830 568 aequatur
880 515 1057 568 ponderi
1108 516 1337 557 voluminis
1387 531 1442 559 ex
1499 522 1648 562 eadem

182 577 361 618 materia
413 578 615 628 confecti,
669 580 787 619 cuius
839 578 1021 618 soliditas
1058 579 1112 618 est
1157 579 1259 621 haec
1309 582 1395 636 ipsa
1437 587 1648 638 quantitas

179 645 314 671 saswh
388 655 473 695 flue
519 654 766 708 aequabitur
808 653 987 708 ponderi
1023 655 1132 706 paris
1168 656 1379 709 cylindri,
1429 662 1547 704 cuius
1582 663 1645 703 di-

200 693 291 715 ⁶4aa
326 683 337 703 ’

182 749 345 780 ameter
377 737 492 786 :b‚
528 736 708 779 altitudo
742 729 1089 800 veroz⁵2¹⁴³<²¹³2b.
1125 737 1252 780 Vnde
1286 740 1315 780 si
1349 742 1488 796 plnres
1523 745 1651 788 habe-

182 833 305 866 antur
347 823 593 867 huiusmodi
637 823 862 866 columnae
913 825 1168 877 cylindricae
1206 837 1261 865 ex
1296 826 1440 868 eadem
1476 833 1653 873 materia

182 888 412 939 confectae,
445 902 597 940 onera,
633 902 741 943 quae
782 890 942 943 gestare
976 890 1144 941 valent,
1194 891 1397 933 tenebunt
1440 894 1651 937 rationem

182 953 465 1009 compofitam
502 965 559 995 ex
593 954 750 995 diresta
795 954 1116 1008 quadruplicata
1166 955 1472 998 diametrorum
1511 969 1552 1001 et
1587 974 1654 1002 re-

121 1030 131 1035 “
182 1019 356 1074 ciproca
389 1017 604 1071 duplicata
638 1018 932 1071 altitudinum,
982 1019 1040 1062 sm
1078 1029 1219 1060 autem
1263 1033 1316 1061 ex
1352 1022 1511 1063 diuersa
1561 1038 1652 1067 ma-

181 1083 292 1123 teria
326 1082 485 1122 fuerint
518 1082 669 1133 saetae,
722 1085 923 1136 quoniam
972 1083 1143 1124 cuilibet
1178 1085 1376 1125 materiae
1412 1096 1527 1126 certa
1560 1088 1657 1128 lon-

180 1147 330 1201 gitudo
363 1144 390 1186 h
424 1147 650 1196 conuenit,
703 1160 834 1187 onera
877 1148 1045 1203 insuper
1091 1159 1218 1191 erunt
1269 1149 1312 1190 in
1364 1150 1527 1192 ratione
1581 1152 1656 1195 ha-

180 1223 278 1253 tum
311 1211 499 1267 ipsarum
532 1210 803 1253 altitudinum
839 1210 877 1253 h.

371 1343 408 1395 6.
446 1355 518 1395 25.
603 1342 653 1385 In
690 1343 898 1386 solutione
943 1351 1083 1386 autem
1121 1343 1242 1399 supra
1274 1344 1369 1385 data
1402 1343 1656 1387 assumfimus

182 1408 428 1451 columnam
464 1424 487 1449 a
521 1407 610 1450 solo
660 1409 850 1463 pondere
895 1409 1167 1451 incumbente
1203 1406 1246 1450 O
1283 1409 1541 1462 comprimi,
1591 1410 1656 1465 ip-

180 1475 273 1515 sum
309 1483 450 1516 autem
486 1474 714 1515 columnae
747 1474 911 1528 pondus
956 1474 1245 1527 neglexim1153
1297 1473 1547 1527 plerumque
1584 1488 1657 1516 au-

182 1545 273 1578 tem
309 1551 415 1578 onus
450 1538 721 1578 sustentatum
772 1546 992 1591 tantopere
1036 1538 1202 1592 superat
1236 1538 1400 1593 pondus
1435 1539 1656 1593 proprium

182 1602 433 1652 columnae,
468 1610 517 1641 vt
551 1615 667 1643 error
701 1602 800 1643 hinc
835 1601 1037 1644 oriundus
1072 1611 1165 1642 tuto
1198 1603 1350 1656 negligi
1389 1613 1528 1655 queat.
1591 1603 1661 1645 In-

185 1668 312 1708 terim
359 1676 501 1708 tamen
545 1665 741 1721 deinceps
792 1680 967 1722 operam
1003 1667 1220 1717 dabimus,
1274 1678 1321 1707 vt
1353 1668 1480 1707 etiam
1528 1669 1658 1710 ratio-

183 1742 287 1772 nem
322 1732 485 1786 proprii
520 1732 718 1786 ponderis
754 1733 796 1773 in
833 1732 1042 1773 solutione
1078 1731 1325 1778 habeamus,
1361 1732 1475 1784 quod
1505 1733 1546 1773 in
1574 1735 1659 1788 pri-

184 1808 257 1838 ma
292 1796 524 1846 solutione,
561 1808 688 1850 quam
725 1797 829 1838 olim
865 1798 908 1838 in
946 1798 1044 1838 loco
1077 1797 1206 1837 initio
1240 1796 1420 1850 allegato
1445 1797 1658 1851 dederam,

187 1861 391 1915 expedire
427 1874 512 1902 non
558 1860 648 1902 sum
695 1862 839 1913 ausus,
891 1862 945 1902 ob
980 1862 1162 1903 summas
1207 1860 1496 1911 difficultates,
1547 1876 1655 1916 quae

185 1924 231 1966 in
266 1925 345 1966 bac
381 1925 629 1967 euolutione
664 1927 958 1968 occurrebant.
1033 1926 1171 1967 Facile
1207 1935 1352 1967 autem
1387 1925 1657 1980 intelligitur,

185 1989 262 2031 tali
298 1990 523 2031 columnae
558 1998 717 2032 tantam
754 1993 1022 2032 altitudinem
1059 1991 1186 2032 tribui
1224 1991 1358 2045 polle,
1394 2000 1438 2031 vt
1472 2003 1523 2032 ne
1559 2005 1661 2046 pro-

185 2056 331 2109 prium
385 2056 557 2109 quidem
612 2057 776 2110 pondus
829 2057 1050 2097 sustentare
1100 2056 1273 2104 valeat,
1325 2055 1483 2095 etiamsi
1527 2055 1657 2098 suerit

187 2116 378 2172 020,
413 2121 486 2175 qui
519 2133 622 2176 ergo
657 2119 786 2165 Casus
822 2122 970 2179 vtique
1004 2122 1258 2178 peculiarem
1294 2119 1545 2162 solutionem
1580 2134 1659 2176 po-

186 2182 318 2226 finiat.

1509 2250 1545 2299 §.
1583 2253 1656 2289 26.
