1835 2553
690 168 804 226 5353
869 169 883 228 )
920 173 1009 212 260
1045 167 1062 227 (
1125 167 1240 219 geg<-

238 293 383 344 scopae
419 288 467 329 ad
505 295 675 341 carpum
712 286 874 335 luteae,
926 297 1010 326 non
1057 281 1177 337 ni-g'ro
1214 284 1386 324 striatae.
1467 280 1608 333 Atque
1642 279 1687 320 in

237 357 321 396 hoc
373 365 578 393 cornuum
645 350 860 390 tubercula
912 349 988 388 vix
1046 349 1361 401 protuberantia
1412 346 1519 384 inter
1570 344 1690 396 pilos.

241 416 399 458 Guttur
445 415 655 458 auellanae
707 413 994 466 magnitudine
1041 414 1282 464 prominens
1322 412 1363 451 in
1400 409 1480 448 hoc
1517 408 1693 447 animal·

240 481 361 529 culo,
413 479 462 519 ab
497 482 612 532 apice
650 478 769 518 rostri
805 477 853 516 ad
890 488 1014 515 anum
1057 488 1076 513 1
1117 477 1209 529 ped.
1253 485 1273 519 8
1312 472 1410 528 poll.
1446 473 1598 523 longo,
1650 474 1710 512 δῖ

241 545 290 584 ad
325 544 451 597 pedes
490 544 648 582 anticos
680 554 712 578 ·1
754 541 848 592 ped.
888 549 909 586 5
933 539 1031 591 poll.
1069 539 1118 577 ad
1152 541 1330 592 posticos
1365 548 1503 578 autern
1545 548 1563 572 1
1597 535 1717 588 ped.-

241 609 283 648 ὅ(
322 614 349 648 6
388 607 488 660 poll.
535 606 641 653 alto,
695 603 954 655 longitudine
1007 601 1155 641 caudae
1190 606 1237 655 4{
1270 602 1369 656 poll.
1416 602 1454 640 <Sc
1493 599 1695 640 auricula·-

241 684 336 713 1um
376 674 418 721 δὲ
453 669 554 724 poll·
592 670 804 708 menturae
837 665 1001 718 semper
1036 663 1250 717 parifinae.

433 794 557 834 Hisce
609 792 851 844 subiungam
916 788 1158 837 dimcnfiones
1210 787 1412 841 partium>
1442 797 1699 829 externarum

244 859 472 914 Antilopes
509 854 821 911 subgutturosae
855 852 1014 894 adultae
1051 851 1246 902 senioris,
1283 864 1387 905 quae
1423 851 1671 904 sequuntur:

1480 976 1577 1031 poll.
1630 975 1703 1017 lin.

238 1051 490 1105 longitudo
537 1049 587 1088 ab
621 1048 740 1100 apice
795 1045 915 1086 rostri
967 1043 1015 1083 ad
1068 1055 1194 1091 anum
1240 1041 1284 1082 in
1318 1041 1427 1082 linea

433 1107 544 1153 redita
673 1133 692 1138 -
823 1131 841 1138 -
991 1129 1009 1135 ·-
1157 1128 1175 1135 -
1325 1124 1345 1132 -
1412 1127 1429 1132 -
1504 1115 1564 1152 40
1648 1124 1691 1131 —

246 1177 490 1230 Longitudo
525 1175 670 1226 capitis
707 1187 732 1212 a
765 1171 899 1211 rostro
934 1170 984 1210 ad
1021 1169 1192 1221 occiput
1295 1188 1318 1198 -
1412 1189 1430 1196 -
1537 1178 1564 1214 9
1647 1186 1690 1194 -

229 1237 606 1280 circumferentia
642 1235 761 1273 rostri
797 1244 907 1284 pone
942 1242 1060 1269 nares
1106 1252 1111 1254 -
1224 1251 1244 1259 -
1412 1249 1431 1257 -
1542 1232 1569 1264 6
1660 1241 1688 1276 9

235 1298 608 1347 'circumferentia
644 1297 726 1336 oris
877 1316 898 1325 -·
1077 1312 1099 1321 -
1247 1311 1268 1323 -
1419 1232 1465 1356 -ἱ
1546 1301 1567 1336 5
1607 1232 1616 1355 l
1661 1307 1703 1321 ,ὁ

248 1365 457 1409 Distantia
491 1364 600 1402 inter
635 1372 754 1400 nares
791 1357 952 1398 inferne
1095 1374 1117 1385 -
1153 1377 1173 1379 Μ
1265 1376 1287 1386 -
1513 1373 1556 1379 -
1599 1388 1602 1389 ⁷
1666 1367 1698 1404 4

247 1429 457 1471 Distantia
494 1428 605 1467 ini-er
640 1436 759 1463 nares
795 1421 970 1474 superne
1120 1437 1143 1449 -
1281 1438 1302 1447 -
1414 1439 1434 1446 -
1547 1428 1566 1453 1
1665 1431 1698 1468 4

249 1493 475 1534 Diameter
509 1492 617 1529 inter
654 1486 826 1527 canthos
862 1484 974 1524 oculi
1123 1504 1145 1513 -
1287 1503 1308 1511 -
1416 1503 1436 1510 -
1548 1492 1567 1517 1
1668 1493 1692 1531 3

241 1549 476 1597 ‘'Diameter
509 1549 866 1606 perpendicularis
900 1548 1008 1586 inter
1042 1544 1257 1598 palpebras
1322 1561 1345 1574 -
1415 1495 1466 1621 -Ι
1549 1556 1567 1581 1
1665 1566 1706 1575 ..-

239 1618 476 1660 *Diameter
511 1617 619 1656 inter
664 1613 840 1653 rostrum
878 1611 917 1650 <Sc
954 1610 1126 1648 canthos
1163 1609 1320 1648 anticos
1416 1630 1436 1638 -
1544 1621 1576 1656 4
1641 1621 1695 1648 10

253 1682 479 1723 Diameter
515 1681 626 1718 inter
660 1675 832 1717 canthos
868 1673 1046 1727 posticos
1083 1674 1122 1712 δε
1159 1685 1303 1711 aurem
1417 1694 1434 1702 -
1547 1684 1571 1708 2
1667 1685 1694 1722 9

253 1739 479 1787 Diameter
514 1743 622 1782 inter
660 1738 832 1779 canthos
867 1739 1024 1777 anticos
1063 1737 1105 1775 in
1141 1736 1248 1775 linea
1283 1736 1405 1776 recta.
1549 1747 1571 1783 3
1666 1758 1709 1765 --

254 1809 475 1850 Diameter
511 1807 656 1846 eadem
692 1804 733 1844 in
769 1803 877 1843 linea
908 1814 1040 1841 curua
1154 1819 1173 1829 -
1301 1820 1323 1828 -
1419 1757 1470 1884 -Ι
1549 1811 1573 1847 3
1645 1812 1696 1848 ·9

254 1872 477 1914 Diameter
512 1870 674 1909 finuum
710 1866 1005 1916 lacrymalium
1137 1885 1157 1903 ·.·
1287 1884 1308 1893 -
1421 1886 1439 1891 -
1521 1884 1563 1892 -
1643 1874 1698 1901 10

238 1935 519 1976 ‘'Profunditas
557 1936 704 1971 eorum
853 1951 873 1959 -
1049 1950 1070 1957 -
1255 1950 1273 1956 -
1520 1948 1564 1954 —
1643 1938 1697 1965 10

241 1998 478 2041 ‘Diameter
511 1997 620 2039 inter
653 1994 849 2047 angulum
894 1993 1151 2046 superiorem
1189 1992 1350 2032 finuum
1384 1990 1439 2030 la-

450 2059 700 2111 crymalium
751 2058 793 2099 &
844 2058 1045 2098 canthum
1095 2056 1352 2097 anteriorem
1396 2066 1442 2093 o-

449 2123 532 2168 culi
584 2137 587 2141 ⁴
698 2143 718 2153 ·-
886 2143 907 2152 -
1071 2141 1090 2148 -
1423 2141 1441 2146 -

1541 2241 1717 2281 Diame-
