1835 2553
649 161 765 214 »225ss
830 156 845 217 )
884 172 971 213 322
1009 156 1024 216 (
1088 159 1204 211 ἓῖεέω

195 291 289 322 cum
327 277 570 321 Latitudine
608 275 739 329 accipi
776 276 904 330 poffe,
940 286 1071 328 eaque
1094 273 1351 327 aliquantum
1383 271 1543 312 diuersa
1564 284 1664 326 pro--v

194 345 306 393 dire,
352 343 495 395 prouti
541 339 787 394 hypothesis
824 353 902 394 pro
938 339 1221 392 Longitudine
1255 336 1370 377 Nodi
1409 346 1449 376 et
1487 337 1663 377 inclina·

198 408 316 448 tione
355 406 532 455 orbitae,
570 405 649 445 alia
685 413 727 444 et
763 404 842 445 alia
876 406 1106 451 statuatur,
1141 402 1209 442 vel
1245 401 1426 441 diuersae
1464 403 1502 440 in
1541 400 1659 441 vsum

193 480 402 512 vocentur
436 469 765 511 obseruationes.
831 468 943 508 Hinc
981 477 1121 508 autem
1157 467 1333 520 suspicio
1369 466 1474 505 mihi
1510 465 1661 506 oborta

195 535 283 584 est,
320 546 373 575 an
408 547 495 575 non
531 533 625 574 fieri
661 533 823 587 posset,
874 540 922 571 vt
956 531 1280 571 Elementorum
1319 532 1360 570 in
1398 530 1530 584 priori
1566 528 1664 571 Dis-

196 599 420 654 quifitione
456 600 731 639 inuentorum
768 595 978 648 aliquanta
1013 595 1344 644 immutatione,
1391 595 1431 635 id
1467 594 1663 648 praestari

194 665 343 719 posset,
383 673 430 704 vt
450 662 781 709 obseruationes,
816 660 955 713 prima
991 656 1196 699 Cometae
1234 659 1490 712 apparitione
1519 658 1667 708 faciae,

200 729 252 770 ad
289 727 536 769 consensum
573 726 866 778 redigerentur
901 735 996 764 cum
1034 721 1144 771 illis,
1190 733 1296 774 quae
1332 721 1511 763 secunda
1541 736 1669 777 appa·-

196 793 354 835 ritione
389 792 599 833 institutae
635 788 855 829 habentur.
919 786 1101 840 Aliquot
1136 786 1275 839 itaque
1311 786 1425 827 hunc
1457 786 1501 826 in
1535 785 1666 827 finem

198 856 400 900 institutis
436 852 755 903 tentaminibus,
791 852 842 893 ad
877 851 1086 893 eiusmodi
1113 851 1265 891 deueni
1283 850 1525 900 Elementa,
1558 861 1668 905 quae

197 920 562 964 obseruationibus
596 918 722 960 huius
758 914 967 959 Cometae
1002 924 1165 956 tantum
1203 927 1288 956 non
1324 914 1556 965 omnibus,
1606 915 1667 955 ita

193 981 506 1035 satisfacerent,
558 993 609 1024 vt
658 982 840 1023 maximi
887 993 1051 1022 errores
1101 980 1178 1019 vix
1213 980 1299 1020 duo
1334 979 1496 1021 minuta
1530 979 1671 1033 prima

197 1050 465 1092 excederent.
533 1047 779 1099 Antequam
829 1058 938 1085 vero
980 1044 1136 1084 horum
1171 1044 1496 1083 Elementorum
1533 1056 1670 1096 expo-

197 1114 396 1157 fitionem
434 1112 614 1160 tradam,
648 1110 761 1150 haud
796 1117 966 1164 praeter
1000 1119 1089 1147 rem
1126 1106 1227 1155 erit,
1273 1116 1320 1146 vt
1355 1108 1540 1160 primum
1577 1107 1669 1146 suc·

199 1178 383 1219 cinctam
431 1173 799 1215 adumbrationem
832 1171 1049 1219 Methodi,
1086 1170 1130 1209 in
1162 1169 1243 1209 hac
1277 1170 1562 1223 disquisitione
1598 1169 1670 1226 ad7

194 1239 367 1291 hibitae,
402 1249 634 1295 exponam.

388 1366 425 1416 §-
463 1368 505 1408 6.
574 1362 723 1419 Quum
778 1362 909 1418 igitur
956 1360 1196 1416 principalis
1242 1357 1464 1401 difficultas
1505 1357 1588 1401 hoc
1623 1356 1671 1400 in'

200 1430 378 1486 negotio
413 1430 512 1471 inde
555 1429 746 1479 oriatur,
796 1427 911 1481 quod
945 1426 1069 1467 binae
1103 1425 1322 1479 quaepiam
1344 1424 1668 1483 :obseruationes

200 1497 365 1551 primae
415 1494 725 1549 apparitionis,
777 1501 930 1547 vtpote
974 1491 1068 1532 illae
1121 1503 1226 1544 quae
1285 1481 1424 1539 13⁴&
1463 1501 1519 1538 29
1560 1488 1671 1529 Iunii

200 1560 413 1601 institutae
449 1560 558 1608 sunt,
594 1558 738 1600 reduci
771 1557 954 1599 debeant
987 1565 1074 1597 tam
1110 1555 1161 1596 ad
1195 1553 1442 1596 consensum
1476 1555 1588 1594 inter
1615 1552 1672 1602 se,

200 1636 328 1680 quam
363 1635 461 1666 cum
495 1623 590 1674 illis,
627 1635 734 1677 quae
770 1621 819 1663 ab
850 1621 974 1662 initio
1007 1619 1217 1675 Augusti,
1252 1630 1383 1673 vsque
1417 1619 1466 1659 ad
1501 1618 1673 1658 initium

200 1686 404 1731 Octobris
438 1687 572 1729 factae
606 1687 844 1739 habentur;
876 1686 1064 1740 primum
1099 1684 1271 1738 quidem
1307 1683 1359 1724 de
1382 1694 1434 1724 eo
1459 1682 1674 1737 imprimis

200 1752 370 1796 solliciti
413 1751 600 1803 fuimus,
654 1762 702 1793 vt
746 1751 1058 1793 obseruationes
1099 1748 1243 1789 diebus
1289 1761 1342 1800 15
1381 1747 1423 1788 &
1461 1760 1519 1798 29
1558 1746 1605 1788 Iu
1641 1745 1672 1787 'i

141 1871 143 1873 ι
200 1818 316 1860 inter
349 1818 389 1860 se
423 1817 696 1858 redderentur
729 1815 1029 1870 conspirantes.
1111 1812 1180 1854 Ne
1215 1822 1356 1854 autem
1391 1759 1674 1853 confiderassio

202 1881 462 1924 Latitudinis
499 1880 610 1922 hanc
644 1880 974 1935 disquisitionem
1010 1878 1218 1927 turbaret,
1257 1877 1366 1918 illius
1401 1876 1543 1930 primo
1578 1874 1674 1929 qui-

202 1945 306 1987 dem
341 1945 506 1987 nullum
540 1945 763 1987 habuimus
795 1943 1042 1999 respectum,
1079 1954 1213 1996 vsque
1248 1942 1350 1982 dum
1370 1940 1595 1982 Elementa
1615 1939 1675 1979 ita

207 2011 417 2052 adornare
451 2010 634 2061 licuerit,
671 2020 720 2052 vt
753 2008 1105 2063 Longitudinibus
1141 2005 1350 2048 Cometae
1376 2004 1676 2046 satisfacerent.

204 2073 381 2118 Scilicet
419 2087 500 2130 pro
543 2084 739 2129 tempore
770 2073 995 2116 Periodico
1031 2070 1239 2115 Cometae
1273 2080 1436 2112 certum
1471 2068 1676 2109 adhiben-

206 2146 270 2180 tes
305 2138 526 2192 valorem,
562 2140 841 2194 quantitatem
876 2137 1213 2193 semiparametri
1249 2147 1416 2190 quoque
1449 2129 1677 2188 hypothesi.

211 2202 458 2249 effinximus
477 2235 491 2258 ‚
533 2205 647 2267 vvnde
688 2204 754 2249 his
789 2204 897 2248 binis
932 2201 1233 2261 quantitatibus
1266 2200 1372 2243 datis
1402 2199 1487 2257 ipsa
1520 2197 1675 2298 [ρεεὲςς

1560 2271 1609 2300 or
1637 2268 1675 2298 r·
