1835 2553
595 175 711 222 »ἓξ
774 146 970 228 >16⁷²(
1034 168 1150 220 asa<-

145 288 357 342 telligitur‚
395 284 723 340 magnitudinem
757 282 880 325 huius
915 283 977 324 vis
1014 284 1126 337 prius
1163 283 1328 325 definiri
1364 297 1449 326 non
1480 285 1623 340 poffe„

143 367 267 407 quam
322 362 434 392 totus
484 349 661 391 calculus
707 350 756 389 ad
793 347 920 388 finem
959 348 1084 389 fuerit
1120 350 1368 402 perductus3
1419 350 1608 403 quando-

140 418 312 471 quidem
347 426 435 455 tum
472 415 642 454 demum
679 412 850 466 patebit,
887 423 1043 466 quanta
1078 414 1121 453 vi
1157 427 1261 467 opus
1300 414 1361 465 sit,
1385 415 1433 454 ad
1466 416 1622 469 supre-v

142 495 260 522 mum
297 479 527 520 terminum
561 477 666 519 Ain
696 477 838 519 debito
872 477 948 518 fitu
985 477 1333 519 conseruandum.
1401 477 1501 532 Quo
1537 491 1610 518 au-

141 556 228 587 tem
278 543 380 584 haec
430 555 542 583 noua
593 543 858 595 inuestigatio
902 541 1053 582 clarius
1101 543 1278 596 perspici
1324 552 1479 595 queat,
1529 542 1605 596 ipss

137 607 366 664 quaestioni
401 606 622 662 principali
658 607 864 648 maiorem
899 607 1190 649 extensionem
1227 605 1455 649 tribuamus
1486 619 1625 662 cama!

136 686 218 727 que
252 672 437 726 sequenti
474 671 604 713 modo
640 672 954 713 constituamus.

188 776 241 811 ’Ὁ
604 794 766 847 Status
801 794 1128 866 Quaestionis.

319 869 352 917 ξ.
389 871 428 908 6.
495 866 711 918 Propofita
733 865 792 904 >sit
826 865 1023 905 columna
1059 865 1304 914 cylindrica,
1334 866 1375 904 in
1408 864 1484 906 fitu
1506 876 1600 905 ver·
1613 873 1700 917 (rab,
1734 870 1800 912 lv,

136 929 246 970 ticali
281 930 374 971 AB
411 931 660 983 constituta,
714 927 797 967 flue
842 929 931 968 eius
965 927 1064 967 loco
1100 927 1258 968 lamina
1294 928 1456 968 elastica
1493 930 1600 969 eius-
1635 924 1709 974 Fig.
1738 938 1772 967 4·

134 996 229 1040 dem
264 994 446 1040 roboris,
480 993 596 1032 cuius
630 1001 771 1031 autem
807 991 933 1031 ambo
970 992 1142 1031 termini
1178 991 1220 1031 A
1255 1002 1295 1030 et
1329 991 1364 1031 B
1394 1002 1601 1044 perpetuo

131 1058 173 1095 in
209 1056 289 1094 hoc
326 1056 400 1095 situ
439 1056 493 1095 ita
527 1055 896 1107 retiiieantur„vt
931 1055 980 1095 ab
1017 1054 1107 1094 aliis
1143 1054 1301 1095 viribus
1337 1054 1601 1095 sollicitanti-

129 1117 203 1158 bus
239 1118 335 1160 inde
371 1119 615 1173 neutiquam
652 1119 865 1161 dimoueri
899 1128 1064 1172 queant.
1148 1119 1259 1159 Huic
1296 1120 1380 1160 iam
1417 1119 1600 1160 laminae

129 1181 314 1222 clasticae
361 1185 470 1224 circa
506 1183 691 1231 medium
729 1181 765 1223 C
802 1183 1014 1236 quandam
1048 1184 1138 1223 vim
1173 1183 1483 1224 horizontalem
1523 1181 1599 1224 Cc

129 1245 381 1298 applicatam
419 1247 723 1299 concipiainu5‚
759 1259 838 1299 qua
867 1247 1047 1287 laminae
1068 1246 1201 1300 figura
1218 1247 1438 1288 incuruata
1456 1244 1599 1288 ABG

131 1308 369 1359 tribuatur,
421 1323 551 1362 quam
604 1310 881 1350 mutationem
938 1319 1076 1351 autem
1128 1320 1213 1350 tarn
1266 1314 1467 1365 exiguam
1519 1311 1597 1352 esse

129 1374 366 1423 statuamus,
396 1384 442 1413 vt
477 1383 567 1414 tota
602 1387 732 1414 curua
766 1374 878 1427 quasi
914 1375 1077 1415 infinite
1112 1387 1261 1428 parum
1300 1390 1322 1416 a
1355 1375 1465 1416 recta
1499 1387 1598 1416 ver-

129 1438 241 1477 ticali
275 1436 370 1478 AB
405 1437 626 1491 discrepet.
692 1438 788 1479 Hoc
836 1439 971 1492 pofito
1007 1452 1254 1492 quaeramus
1291 1450 1483 1480 naturam
1517 1439 1599 1480 hu-

129 1503 192 1541 ius
227 1515 377 1542 curuae
398 1499 552 1552 ΑΕΒ,
572 1503 620 1542 ad
641 1515 782 1555 quam,
819 1512 904 1543 tam
941 1503 990 1542 ab
1025 1503 1097 1542 ista
1131 1504 1189 1551 vi,
1212 1516 1338 1555 quam
1369 1517 1392 1542 a
1420 1504 1597 1556 proprio

127 1565 311 1618 pondere
362 1557 618 1616 inflectetun
674 1565 750 1606 hac
804 1567 918 1606 enim
967 1567 1208 1619 quaestione
1256 1567 1439 1608 resoluta
1474 1566 1594 1607 facile

128 1629 302 1683 patebit,
334 1639 491 1678 Vtrum,
528 1629 555 1669 fi
591 1632 653 1671 vis
701 1630 922 1671 sollicitans
962 1628 996 1672 C
1020 1644 1039 1671 c
1083 1631 1362 1680 euanesceret,
1400 1631 1492 1672 talis
1529 1628 1595 1670 in-

128 1694 261 1734 flexio
305 1704 420 1733 certo
456 1692 546 1734 casu
583 1695 858 1735 nihilominus
911 1695 1054 1735 Iocum
1095 1694 1250 1735 habere
1298 1705 1446 1749 queat3
1508 1694 1591 1734 hoc

128 1760 238 1798 enim
274 1755 362 1810 ipso
395 1758 676 1799 continebitur
711 1759 839 1808 casus,
878 1771 964 1813 quo
1000 1758 1201 1799 columna
1238 1773 1258 1799 a
1294 1759 1382 1799 solo
1416 1758 1593 1813 proprio

128 1822 313 1876 pondere
348 1821 643 1873 prosternetur,
685 1824 1028 1879 quandoquidem
1065 1836 1118 1865 ne
1154 1823 1379 1865 minimam
1417 1823 1590 1877 quidem

128 1896 391 1926 curuaturam
426 1886 513 1939 pati
545 1887 692 1939 potest.

317 2014 350 2063 ᾗ.
387 2027 428 2063 7.
463 2044 465 2047 .
498 2011 710 2068 Quoniam
762 2029 865 2059 vero
915 2016 1018 2057 haec
1070 2016 1257 2069 quaestio
1315 2029 1401 2058 non
1454 2016 1590 2058 solum

126 2077 330 2119 summam
383 2078 796 2131 circumspectionem
850 2081 1057 2134 postulat,
1110 2080 1175 2120 sed
1225 2082 1353 2122 etiam
1397 2081 1589 2135 plurimis

126 2141 439 2183 difficultatibus
475 2144 529 2182 est
564 2141 770 2193 inuoluta,
806 2145 990 2185 laborem
1028 2145 1216 2184 nostrum
1259 2146 1309 2185 ab
1344 2145 1589 2186 euolutione

123 2205 234 2246 casus
270 2205 552 2260 fimpliciffimi
585 2207 866 2258 inchoemus,
910 2221 996 2262 quo
1030 2208 1253 2258 columnae
1291 2211 1429 2253 omnis
1464 2209 1587 2250 flexi-

1493 2272 1587 2314 bili-
