1835 2553
641 163 757 215 »ἓὲ
822 159 1017 220 )130(
1084 165 1197 215 &a

185 275 260 331 ipfi
297 273 473 330 ponderi
508 272 539 313 P
572 275 621 315 fit
654 278 1016 331 proportionalis,
1064 277 1405 332 Quandoquidem
1441 278 1481 318 in
1519 279 1660 321 omni-

185 341 262 381 bus
316 339 556 382 huiusmodi
590 343 894 384 mutationibus
931 345 1118 384 minimis
1153 343 1320 385 effertus
1358 345 1517 383 caussae
1553 343 1660 385 sem-

184 418 262 461 per
297 405 353 445 est
388 406 738 459 proportionalis,
807 407 974 449 Deinde
1012 411 1140 449 etiam
1177 410 1344 450 euidens
1381 409 1449 456 est,
1480 408 1506 447 fi
1531 407 1661 448 bacil-

184 469 249 510 lus
287 472 385 516 effet
421 469 552 524 duplo
588 471 768 522 craffior,
806 482 898 515 tum
936 475 984 513 ad
1022 475 1195 514 eandem
1226 473 1540 528 elongationem
1561 486 1663 526 pro-

186 534 426 575 ducendam
471 536 632 588 requiri
668 538 831 589 pondus
867 538 997 589 duplo
1035 539 1201 591 maius3
1252 552 1307 580 ex
1341 551 1427 590 quo
1462 536 1663 591 intelligi·

182 607 284 648 tur,
339 600 504 653 pondus
540 600 571 639 P
609 609 752 641 tenere
799 601 1008 641 rationem
1053 602 1331 655 compositam
1375 614 1431 642 ex
1467 602 1605 642 littera
1637 597 1664 642 δ

182 671 226 704 et
263 664 456 714 craffide,
493 677 619 717 quam
653 665 869 718 posuimus
904 677 1061 718 :gg,
1101 666 1158 705 ita
1192 676 1239 706 vt
1273 667 1408 722 ipsum
1445 667 1608 722 pondus
1629 664 1663 707 P

184 726 355 783 semper
391 727 714 783 proportionale
748 728 798 769 fit
833 727 1040 770 formulae
1075 726 1099 770 δ
1119 742 1202 783 gg.

375 862 411 910 ξ.
452 868 524 910 17.
595 857 697 913 Quo
741 871 852 900 nunc
887 862 1014 901 etiam
1051 861 1269 902 craffitiem
1294 873 1377 914 -gg
1413 873 1467 902 ex
1489 859 1665 907 ¹calculo

186 922 478 979 expellamus,
529 922 627 964 loco
685 925 884 978 ponderis
919 925 950 966 P
987 926 1213 966 commode
1267 926 1450 967 substitui
1503 925 1665 978 poterit

183 989 350 1044 pondus
385 989 620 1030 voluminis
657 1001 712 1029 ex
748 990 894 1030 eadem
932 991 1108 1031 materia
1143 990 1383 1039 constantis,
1420 991 1532 1043 quod
1563 1002 1664 1043 ergo

184 1067 262 1108 per
297 1053 480 1095 similem
515 1051 729 1103 bacillum,
766 1055 884 1094 cuius
918 1054 1141 1108 longitudo
1177 1055 1224 1094 sit
1259 1062 1384 1108 ΞΡ,
1422 1054 1666 1106 repraesen-

185 1117 266 1159 tari
302 1117 479 1171 poterit,
516 1116 577 1157 ita
609 1126 655 1157 vt
689 1117 739 1159 fit
759 1117 789 1158 P
808 1125 994 1174 :pgg,
1026 1120 1108 1160 hoc
1138 1119 1192 1159 est
1215 1128 1261 1158 vt
1280 1117 1311 1158 P
1332 1127 1535 1172 aequetur
1554 1130 1664 1170 pon-

183 1182 277 1224 deri
313 1181 495 1233 cylindri
530 1193 585 1221 ex
619 1181 707 1234 ipsa
742 1185 919 1223 materia
954 1183 1177 1225 columnae
1212 1183 1404 1232 confesti,
1442 1183 1559 1223 cuius
1592 1182 1666 1222 ba·

183 1244 235 1289 fis
270 1244 320 1286 fit
355 1255 504 1297 :gg
537 1253 578 1284 et
614 1244 795 1287 altitudo
829 1255 941 1302 :p.
1006 1246 1108 1300 Quo
1144 1247 1388 1290 constituto,
1425 1259 1522 1285 cum
1558 1246 1666 1286 istud

184 1309 354 1366 pondus
383 1317 507 1364 pgg
539 1307 705 1364 semper
739 1312 787 1352 fit
822 1310 1142 1366 proportionale
1177 1304 1530 1362 formulaedgg,
1566 1322 1665 1349 ean-

187 1375 287 1417 dem
323 1373 653 1430 proportionem
690 1375 895 1431 tenebitp
931 1371 1045 1429 ad53
1080 1376 1191 1416 vnde
1225 1375 1255 1416 fi
1292 1369 1664 1429 statuaturpzdh‚

184 1441 266 1482 erit
299 1438 327 1481 h
364 1448 484 1481 certa
519 1440 727 1492 quaedam
762 1440 1010 1494 longitudo,
1047 1453 1155 1495 quae
1191 1452 1271 1494 pro
1306 1439 1504 1480 omnibus
1539 1439 1668 1480 bacil-

187 1505 240 1545 lis
278 1516 335 1544 ex
370 1505 517 1544 eadem
556 1506 734 1545 materia
769 1506 968 1545 confeffis
1004 1505 1087 1544 erit
1119 1506 1282 1554 eadem,
1319 1504 1664 1557 quandoquidem

186 1580 327 1622 neque
361 1581 383 1608 a
417 1566 685 1619 longitudine
728 1566 762 1624 s
805 1582 941 1621 neque
995 1582 1017 1608 a
1052 1568 1226 1609 craffitie
1259 1581 1333 1622 gg
1367 1569 1552 1621 pendet;
1610 1581 1666 1610 ex

185 1645 273 1688 quo
307 1631 415 1673 hanc
451 1630 763 1684 longitudinem
798 1631 825 1673 h
861 1643 1058 1687 tanquam
1095 1646 1240 1674 veram
1279 1633 1515 1674 mensuram
1548 1644 1686 1674 tena->

187 1697 325 1739 citatis
361 1698 429 1737 seu
463 1694 677 1738 firmitatis
715 1699 915 1739 materiae
951 1698 1134 1752 spestare
1170 1699 1438 1752 poterimus,
1494 1699 1545 1739 de
1583 1712 1665 1752 qua

186 1762 339 1817 quouis
392 1760 483 1801 casu
539 1763 705 1813 agitur,
758 1763 819 1803 ita
869 1772 915 1803 vt
965 1764 1114 1817 cuique
1151 1763 1349 1803 materiae
1385 1763 1663 1804 determinata

186 1826 397 1881 quaedam
433 1824 656 1877 longitudo
689 1826 717 1868 h
752 1827 991 1868 conueniat.
1068 1827 1157 1868 Hac
1195 1828 1323 1881 igitur
1356 1828 1484 1868 semel
1517 1829 1662 1881 cogni-

186 1901 246 1940 ta,
282 1891 311 1932 si
346 1889 474 1931 fuerit
497 1879 550 1956 L}
571 1906 625 1931 Ξ
643 1889 681 1942 δ,
718 1891 882 1947 semper
917 1894 1038 1947 eritp
1060 1907 1095 1933 z
1112 1887 1135 1932 ὅ
1155 1891 1193 1942 h,
1208 1893 1374 1945 eritque
1390 1900 1418 1947 p
1440 1893 1661 1945 longitudo

184 1959 329 2002 fimilis
365 1959 503 2002 bacilli
541 1962 731 2003 crasiitiei
765 1974 859 2015 gg,
894 1964 1009 2005 cuius
1047 1964 1210 2017 pondus
1247 1975 1444 2019 aequetur
1479 1964 1661 2019 ponderi

187 2024 381 2079 appenso,
405 2024 450 2066 P.

383 2124 416 2173 §.
459 2130 530 2167 18.
599 2124 711 2166 Hinc
748 2126 878 2180 igitur
914 2127 1155 2182 Vbicunque
1192 2127 1377 2174 materia,
1413 2139 1466 2167 ex
1490 2141 1568 2181 qua
1589 2140 1662 2169 co-

189 2185 336 2248 lumna
372 2187 429 2228 est
466 2189 667 2254 confecia,
695 2190 755 2236 ,de
790 2193 893 2234 statu
930 2193 1002 2235 suo
1039 2192 1213 2235 naturali
1242 2191 1467 2243 diducitur,
1501 2193 1662 2248 exipsa

649 2255 652 2258 ⁴
1380 2256 1382 2258 ’
1601 2259 1663 2296 di-
