1835 2553
44 1118 132 1154 Tab.
153 1115 217 1154 IV.

55 1165 132 1217 Fig.
163 1181 195 1212 3.

686 159 800 210 »aa
864 154 1061 216 >166(
1124 161 1239 211 aaa

231 274 410 328 figuram
447 270 687 325 affignatam
722 270 777 311 ob
812 273 1032 327 proprium
1067 275 1232 329 pondus
1266 273 1454 330 recipere
1490 276 1693 332 simulque

231 342 276 382 in
310 335 560 392 aequilibrio
598 335 816 377 consistere
850 338 1021 392 poterit.

424 467 458 517 ξ.
499 476 537 516 ς.
605 465 826 508 Praeterea
860 480 963 507 vero
997 468 1038 507 in
1065 466 1144 509 hac
1163 481 1291 509 curua
1310 467 1471 509 infinita
1491 448 1697 510 dabuntur

231 530 387 587 puncia
410 561 420 579 ,
455 542 563 582 quae
599 530 744 570 littera
780 528 822 569 O
855 531 1158 583 designauimus
1187 563 1197 580 ,
1235 532 1300 572 vbi
1336 535 1458 572 datur
1493 524 1696 585 punc'tum

232 596 367 637 flexus
403 593 621 640 contrarii,
674 603 802 645 atque
847 593 953 632 adeo
996 604 1218 636 curuatura
1269 596 1433 648 prorsus
1468 595 1703 648 euanescit3

232 661 346 701 vnde
382 658 411 699 si
445 657 615 698 infimus
661 656 842 696 laminae
893 655 1081 695 elasticae
1115 658 1316 699 terminus
1353 661 1396 699 in
1433 659 1504 700 tali
1541 660 1699 712 puncto

233 724 475 776 accipiatur,
511 732 596 768 non
632 732 738 772 opus
774 719 846 765 est,
884 729 930 758 vt
964 720 1209 771 pauimento
1243 721 1438 774 infigatur
1472 724 1699 764 secundum

233 789 348 828 suam
383 785 672 830 directionem,
709 782 776 823 sed
813 781 988 823 sufficiet
1020 792 1067 822 vt
1102 783 1345 837 simpliciter
1374 785 1536 835 insistat,
1571 799 1615 828 et
1635 796 1700 828 ta-

231 849 280 892 lis
315 849 471 890 lamina
505 847 559 888 ob
594 847 820 901 proprium
857 847 1019 900 pondus
1055 846 1230 901 figuram
1270 848 1504 889 exhibitam
1540 851 1701 903 recipe-

232 928 278 956 re
315 924 356 955 et
392 914 434 953 in
470 911 720 965 aequilibrio
756 911 976 951 consistere
1010 913 1180 964 poterit.
1235 912 1624 954 Velutisiinferior
1644 913 1703 955 la-

233 980 375 1019 minae
411 977 617 1018 terminus
652 975 695 1014 in
731 975 887 1028 puncto
908 972 960 1015 O‘
987 976 1185 1028 capiatur,
1223 977 1339 1030 isque
1367 978 1702 1032 simplicitet·pa-‘·

233 1043 428 1083 vimento
464 1038 552 1080 EF
585 1038 759 1087 insistat,
800 1048 889 1079 tum
928 1038 981 1078 ob
1018 1039 1149 1080 solum
1185 1041 1406 1093 proprium
1445 1043 1607 1092 pondus
1641 1041 1700 1082 la-

237 1107 350 1146 mina
385 1103 540 1144 inflecti
577 1101 732 1156 poterit
769 1104 993 1142 secundum
1031 1116 1205 1143 curnam
1245 1101 1560 1153 O¹NGMA,
1596 1104 1700 1144 hoc·

235 1183 317 1222 que
369 1168 471 1207 statu
526 1167 568 1205 in
605 1164 852 1217 aequilibrio
897 1166 1129 1218 persistere,
1164 1177 1386 1219 propterea
1420 1168 1532 1218 quod
1570 1168 1696 1208 totius

233 1233 357 1273 huius
393 1230 574 1269 laminae
610 1236 799 1267 centrum
824 1228 1043 1280 grauitatis
1064 1226 1101 1267 G
1121 1229 1522 1281 perpendiculariter
1544 1231 1700 1282 punc'to

235 1292 288 1335 0¹
324 1293 588 1344 imminebit,
640 1290 812 1330 euidens
848 1300 989 1330 autem
1027 1291 1096 1338 est,
1133 1291 1243 1331 hunc
1281 1291 1429 1332 statum
1467 1292 1700 1344 aequilibrii

236 1357 315 1399 esse
350 1356 533 1407 labilem,
568 1365 609 1397 et
644 1354 843 1396 laminam
879 1355 1056 1395 minima
1092 1356 1134 1395 vi
1171 1355 1250 1396 effe
1287 1355 1587 1410 prolapsuram.

425 1491 459 1540 ξ.
499 1492 539 1528 6.
606 1486 720 1528 Hinc
756 1487 839 1526 iam
877 1484 1091 1526 clariffime
1117 1483 1402 1538 intelligimus,
1438 1485 1701 1528 nullumho-

236 1567 332 1596 rum
369 1553 536 1593 casuum
575 1552 624 1591 ad
644 1551 928 1604 quaestionem
959 1549 1214 1604 propositam
1235 1551 1547 1590 accommodari
1570 1552 1702 1604 poffe,

236 1619 393 1671 quippe
430 1629 510 1670 qua
546 1615 754 1655 eiusmodi
789 1615 986 1654 columna
1021 1607 1332 1661 consideratur,
1369 1614 1485 1653 cuius
1524 1624 1699 1666 vterque

239 1682 446 1722 terminus
494 1690 701 1734 perpetuo
747 1679 789 1717 in
833 1679 979 1718 eadem
1017 1679 1127 1717 reeta
1164 1677 1351 1718 verticali
1387 1676 1565 1716 firmiter
1601 1678 1703 1718 reti-

235 1755 411 1791 neatur,
464 1745 563 1786 dum
613 1745 653 1783 in
691 1742 887 1783 omnibus
924 1742 987 1782 his
1023 1741 1175 1781 cafibus
1212 1743 1406 1794 supremo
1443 1742 1625 1782 termino
1657 1740 1702 1781 A

235 1809 357 1864 plena
392 1808 556 1847 libertas
592 1807 860 1857 conceditur3
911 1804 1219 1858 quamobrem,
1266 1816 1311 1844 vt
1361 1805 1537 1844 nostram
1575 1818 1701 1858 quae-

235 1873 410 1913 stionem
450 1873 525 1911 rite
562 1870 821 1916 euoluamuS,
860 1870 1008 1910 statum
1030 1869 1264 1918 columnae,
1288 1869 1370 1909 sine
1405 1868 1586 1909 laminae
1616 1869 1701 1908 ela·

235 1937 371 1982 sticae,
393 1934 597 1975 initialem
637 1935 754 1973 aliter
790 1934 1039 1973 constituere
1075 1933 1275 1973 dtbemus
1312 1944 1434 1986 atque
1471 1945 1564 1972 ante
1600 1931 1699 1972 feci-

237 2013 345 2045 mus,
383 2000 537 2039 scilicet
573 2008 738 2051 praeter
773 1997 1082 2038 sollicitationes
1119 2012 1140 2037 a
1175 1998 1379 2050 grauitate
1409 1997 1609 2036 oriundas
1640 1996 1703 2037 su·-

235 2072 387 2117 premo
423 2063 605 2103 termino
639 2061 681 2101 A
717 2071 872 2101 certam
912 2063 1119 2115 quandam
1161 2063 1247 2101 vim
1285 2060 1589 2100 horizontaltm
1629 2073 1702 2112 ap-

235 2129 431 2181 plicatam
486 2127 712 2178 concipere
749 2125 1063 2179 debemus,qua
1098 2126 1202 2165 isi'ud
1237 2124 1435 2179 punitum
1473 2123 1516 2163 A
1551 2137 1701 2177 perpe-

237 2202 311 2232 tuo
342 2193 384 2232 in
421 2192 566 2232 eadem
602 2190 716 2230 ret‘ta
751 2191 939 2231 verticali
977 2190 1258 2230 contineatur.
1294 2187 1434 2229 Facile
1467 2198 1605 2228 autem
1640 2189 1704 2227 in·

1589 2251 1698 2291 telli-
