1835 2553
591 106 708 159 ’ᾕέ
769 102 1143 162 >193(}÷53‹-

141 219 228 260 dus.
296 216 374 258 His
409 217 573 271 polide,
605 215 832 263 fecundum
867 216 1050 264 nostram
1085 217 1271 272 reg-ulam
1308 216 1387 257 esse
1422 217 1595 259 deberet

137 287 166 324 λ
186 295 210 322 α
228 282 257 322 d
271 282 322 322 d:
345 278 452 331 §hb
469 281 495 322 b
513 294 566 322 t:
583 273 634 341 2⁴3
653 293 661 319 :
679 272 742 341 {2-2,
776 280 888 322 vnde
908 280 1127 327 deducitur
1162 278 1260 332 Z:
1278 272 1406 339 '‘3222‘ss
1425 290 1467 321 et
1495 281 1594 321 loco

136 351 178 393 h3
216 352 427 393 substituto
462 352 534 391 suo
568 353 710 394 valore
746 350 827 391 erit
861 346 1046 413 ξ-ῖπῖῖῐ,
1080 350 1162 392 hoc
1182 351 1237 392 est
1257 346 1597 410 circiter}:‡;

133 423 297 476 scilicet
333 422 454 467 iuxta
495 423 682 476 regulam
716 422 820 464 haec
853 421 1054 469 columna
1087 423 1298 465 sustineret
1330 433 1496 478 partem
1529 424 1597 464 vi·

138 488 334 541 gesimam
369 486 531 538 proprii
565 486 780 540 ponderis,
804 485 905 527 dum
941 499 1089 532 reuera
1123 487 1193 527 sub
1227 486 1404 542 proprio
1436 486 1600 540 ponde·

138 563 183 592 re
216 548 457 590 succumbit.

325 676 360 724 ς.
402 687 476 725 40.
543 675 733 717 Viciffim
768 687 884 728 ergo,
917 676 1084 728 quoties
1119 675 1187 718 ista
1218 677 1361 730 regula
1393 675 1588 724 declarat,

138 737 380 788 columnam
426 740 669 792 quampiam
718 748 881 778 tantum
927 739 1170 790 vigesimam
1205 741 1365 794 proprii
1401 739 1594 794 ponderis

141 811 300 856 partem
337 800 531 842 sustinere
566 802 694 855 posse,
729 811 820 841 tum
854 800 1105 840 concludere
1140 802 1356 852 debemus,
1390 816 1483 843 eam
1503 801 1599 843 nul-

141 866 230 905 lum
265 863 385 916 plane
420 877 524 903 onus
559 865 716 916 gestare
750 864 880 916 poffe,
901 863 967 903 sed
1003 863 1073 903 sub
1108 865 1282 916 proprio
1318 865 1503 917 pondere
1526 878 1598 906 oc-

142 927 350 968 cumbere.
418 924 530 966 Cum
580 926 708 978 igitur
759 925 894 966 nullae
929 938 1114 979 vnquam
1149 925 1372 967 columnae
1407 927 1595 968 adhiberi

141 990 311 1035 soleant,
346 989 419 1027 nifi
453 1001 558 1039 quae
593 1000 721 1028 onera
756 988 893 1029 multo
927 989 1119 1042 grauiora
1162 989 1381 1030 iustentare
1413 989 1596 1040 valeant,

141 1049 409 1092 manifestum
444 1052 513 1099 est,
567 1065 750 1093 errorem
806 1052 916 1092 illius
962 1052 1127 1105 regulae
1170 1053 1322 1094 nullius
1356 1053 1480 1107 plane
1515 1054 1595 1095 effe

141 1115 364 1161 momenti,
398 1124 520 1166 atque
555 1115 595 1154 in
632 1117 754 1167 praxi
790 1125 882 1155 tuto
918 1116 1069 1168 negligi
1104 1118 1232 1169 polle,
1277 1118 1449 1169 perinde
1484 1129 1530 1157 ac
1565 1117 1594 1158 fi

141 1177 360 1230 proprium
413 1178 576 1228 pondus
612 1177 717 1217 nihil
750 1178 872 1231 plane
903 1178 1136 1228 conferret,
1171 1179 1222 1218 ad
1254 1179 1343 1220 vim
1379 1179 1595 1220 columna-

140 1251 237 1280 rum
269 1238 601 1285 diminuendam,
638 1241 995 1291 quemadmodum
1029 1242 1073 1282 in
1108 1241 1245 1296 prima
1277 1243 1329 1283 de
1363 1243 1446 1284 hoc
1473 1255 1595 1297 argu-

140 1311 286 1343 mento
320 1302 600 1344 dissertatione
634 1304 692 1344 est
725 1305 934 1347 assertum.

140 2176 242 2220 Αέῖα
260 2173 384 2216 Acad.
403 2172 498 2229 Imp.
516 2172 584 2216 Sc.
603 2173 704 2216 Tom.
729 2174 780 2216 11.
801 2178 844 2216 P.
863 2175 894 2216 1.
1198 2175 1235 2217 Β
1267 2176 1293 2216 b
1484 2174 1593 2218 VA-
