1835 2553
701 146 828 206 ’φῇς
890 152 906 213 )
946 157 1088 214 228(
1152 157 1268 210 geg«.

259 266 498 311 subacidulo
540 266 630 308 fere
663 269 803 321 gustw,
839 271 951 324 quod
991 273 1292 326 evaporatione
1319 274 1368 315 ad
1398 272 1543 315 decem
1572 275 1723 318 drach·

258 344 349 373 mas
386 333 602 381 coaCtum,
654 334 829 373 extracti
881 335 1060 376 for-mam
1101 337 1270 387 habuit,
1323 337 1581 380 consistentia
1617 340 1722 380 mel-

257 396 331 445 lis,
382 397 500 450 gustu
553 397 627 437 vix
680 411 893 452 amarum3
962 402 1099 453 quod,
1152 414 1226 455 per
1287 412 1467 455 quatuor
1519 414 1560 444 et
1610 403 1722 445 vltra

257 460 420 501 menses
457 461 732 511 afferuatum,
771 463 875 504 nihil
911 464 1024 504 salini
1061 464 1374 517 crystallisabilis
1410 466 1625 516 exhibuit,
1670 467 1724 507 li-

258 533 326 565 cet
377 528 587 578 reagentia
650 527 804 579 aliquid
865 527 957 567 salis
1020 530 1230 569 muriatici
1282 530 1412 571 adeffe
1465 532 1722 573 testaremur.

257 587 483 630 Refiduum
521 606 544 631 a
580 591 749 631 coctura
798 590 1022 631 filamentis
1059 592 1152 632 satis
1189 594 1423 645 tenacibus,
1476 596 1733 636 viridiuscu-.

255 652 306 693 lis
341 655 531 701 constat,
589 667 772 707 quorum
826 656 950 694 maffa
1001 655 1147 695 ficcata
1196 657 1364 697 vnciam
1417 671 1513 699 cum
1567 660 1724 699 duabus

256 717 466 757 drachmis
503 717 663 766 efficit,
701 718 829 757 etad
866 718 1083 760 candelam
1118 719 1260 762 viuida
1296 733 1392 762 cum
1427 722 1624 775 flamma,
1675 723 1725 764 fi-

253 791 307 822 ne
341 779 461 821 fumo
499 781 616 831 vsso,
653 780 928 823 comburitur.

445 914 583 958 Vncia
619 912 855 957 Conferuae
907 915 1079 956 siccatae
1114 916 1156 955 in
1194 915 1336 969 spiritu
1374 910 1472 956 'vini
1520 914 1725 957 alcoholi-

252 978 340 1021 sato
375 983 587 1033 extremm,
642 981 846 1021 infufione
899 981 1039 1033 pulcre
1095 980 1276 1020 viridem
1328 979 1516 1020 colorem
1563 980 1730 1033 liquido'

253 1040 476 1096 praebuit,
528 1034 756 1093 digestione
794 1045 1035 1084 saturatum.
1120 1043 1325 1082 Tinstura
1361 1044 1413 1083 fic
1449 1054 1595 1096 parata
1629 1057 1724 1096 gra-

254 1113 351 1145 tum
403 1117 640 1145 amarorem
694 1107 908 1159 prodidit3
962 1120 1044 1159 qua
1078 1118 1300 1160 euaporata
1336 1115 1380 1145 et
1432 1106 1573 1144 abluto
1626 1106 1724 1146 refi-

256 1169 375 1218 duo,
427 1169 663 1209 octodecim
713 1183 842 1222 grana
903 1171 1060 1210 refinae
1123 1169 1364 1222 vegetabilis
1417 1169 1720 1221 nigrescentis,

254 1232 387 1273 siccae
422 1231 739 1284 superfuerunt,
773 1245 880 1284 quae
911 1233 1001 1271 alba
1032 1245 1128 1271 cum
1165 1233 1339 1272 flamma
1371 1233 1634 1280 incenditur,
1670 1232 1724 1272 fi-

254 1295 349 1337 mul
398 1294 585 1347 liquatur
619 1304 661 1335 et
694 1295 869 1335 odorem
922 1308 1087 1349 gratum
1140 1295 1304 1348 spargit.
1395 1292 1631 1334 Conseruae
1670 1294 1724 1335 fic

255 1360 466 1401 extractae
503 1358 712 1399 residuum
750 1359 971 1411 ficcatum,
1024 1359 1104 1401 fult
1138 1359 1209 1401 sex
1242 1356 1563 1409 drachmarum,
1598 1357 1728 1412 fragi-

254 1424 306 1464 lis
341 1435 465 1478 atque
499 1424 635 1463 fuscae
671 1423 932 1465 substantiae.

448 1552 612 1594 Vnciae
646 1552 746 1593 octo
782 1549 1024 1593 Conferuae
1060 1551 1108 1590 ab
1151 1549 1401 1590 adhaerente
1437 1562 1560 1591 arena
1583 1562 1728 1604 quan-

259 1627 353 1660 tum
390 1617 480 1658 fieri
515 1617 656 1671 potuit
701 1617 947 1669 deputatae,
999 1615 1273 1655 destillatione
1308 1626 1364 1654 ex
1398 1624 1559 1655 retorta
1593 1615 1727 1656 vitrea

256 1682 473 1737 sequentia
505 1681 710 1737 producta
742 1680 1045 1736 largiebantur:

454 1825 493 1851 1.
544 1781 804 1863 Phlegniatis
840 1806 1031 1864 umidi,
1073 1806 1262 1862 infipidi,
1296 1804 1493 1860 paludem
1529 1801 1724 1845 redolen-

257 1878 313 1933 tis
349 1875 518 1917 vnciam
553 1887 694 1916 vnam.

455 2020 493 2048 2.
538 2003 794 2060 Phlegmatis
846 2002 1208 2060 empireumatici‚
1264 2001 1449 2055 primum
1500 1998 1728 2039 flauescen·

263 2073 339 2129 tis)
384 2072 535 2117 deinde
580 2070 860 2123 saturatioris,
913 2069 1125 2112 collec‘iim
1170 2069 1339 2109 vnciam
1376 2077 1472 2107 cum
1515 2061 1724 2104 drachmis

249 2137 346 2180 sex.

1568 2269 1590 2306 3
1599 2288 1608 2297 .
1629 2252 1726 2295 Olei
