1835 2553
673 131 790 190 {aaa
852 132 1047 194 μευ(
1108 134 1225 188 aa

223 242 366 300 valet}
415 247 533 290 cuius
575 250 739 304 pondus
782 258 997 306 repertum
1030 248 1079 291 fit
1111 248 1151 290 se
1183 246 1339 290 habere
1375 246 1425 291 ad
1460 246 1684 303 proprium

222 315 387 370 pondus
421 313 671 356 columellae
704 325 752 357 vt
785 319 812 356 λ
832 330 840 356 :
864 328 905 366 1,
939 316 998 355 ita
1029 321 1077 355 vt
1109 312 1194 353 iam
1229 317 1257 354 λ
1289 313 1338 354 fit
1375 324 1573 353 numerus
1607 324 1683 352 co-

220 380 396 433 gnituS‚
447 391 532 431 quo
581 379 758 421 inuento
807 391 1015 434 ponamus
1057 377 1343 431 quaestionem
1377 375 1536 419 institui
1569 375 1683 419 circa

220 443 465 484 columnam
501 454 558 484 ex
591 444 738 485 eadem
773 443 950 495 materia
984 441 1218 483 confestam
1237 472 1250 492 ,
1293 442 1410 483 cuius
1448 439 1683 494 amplitudo

218 505 270 547 fit
302 505 476 558 :bb‚
528 516 652 561 atque
695 508 818 561 supra
860 505 1118 547 ostendimus
1152 506 1384 547 maximam
1420 503 1684 546 altitudinem

221 602 451 656 quaesitam
483 603 562 642 effe
594 600 622 642 h
637 616 694 642 z
710 615 736 643 a
752 582 792 642 1³!
808 594 935 662 πλξξά.
954 609 983 640 t.
1066 599 1218 643 Sumto
1252 602 1334 642 iam
1371 611 1390 643 t
1405 616 1460 643 :z
1481 613 1570 642 200
1606 601 1686 643 erit

219 669 308 733 [πῖ-π
328 687 384 714 z
407 686 446 722 1,
469 675 705 724 3067302‚
741 672 924 729 hincque
957 658 1077 733 {qu—qr
1093 685 1148 710 z
1168 683 1211 723 o,
1230 676 1467 724 4355767,
1516 673 1585 714 cui
1618 686 1685 714 re-

219 744 398 801 spondet
431 755 630 783 numerus
669 755 709 793 2,
731 748 852 794 7263
870 774 887 795 ,,
922 745 995 798 qui
1029 757 1126 787 cum
1162 744 1468 800 aliquantillum
1503 744 1685 786 diminui

220 808 392 856 debeat,
428 807 515 847 eius
548 805 647 847 loco
682 807 906 850 scribamus
941 821 1166 851 numerum
1198 822 1234 859 e,
1254 808 1370 850 cuius
1404 808 1684 862 logarithmus

220 870 521 927 hyperbolicus
554 884 612 911 z
633 884 681 922 1,
731 872 887 929 quippe
921 873 994 927 qui
1028 872 1085 913 est
1123 885 1163 923 2,
1185 880 1366 924 71828,
1421 873 1480 913 ita
1519 880 1568 913 vt
1598 872 1686 913 iam

221 968 410 1009 maxima
444 967 622 1008 altitudo
651 967 833 1021 quaefita
849 968 897 1010 fit
914 967 942 1009 h
958 981 1014 1010 z
1035 980 1076 1018 2,
1095 979 1153 1019 71
1167 976 1236 1017 83.
1255 981 1281 1009 a
1297 949 1337 1010 ἶ]
1354 960 1452 1032 Ἢ,
1486 968 1560 1010 vel
1577 967 1686 1010 adeo

224 1073 270 1113 in
290 1070 474 1114 numeris
492 1070 805 1116 rotundioribus
824 1071 947 1115 statui
962 1072 1120 1130 poterit
1138 1070 1207 1116 h:
1222 1085 1262 1124 2,
1277 1083 1334 1124 70
1349 1053 1386 1113 {s
1397 1065 1471 1133 {ib—f
1483 1102 1494 1112 .

412 1227 448 1276 ξ.
503 1240 574 1277 39.
669 1225 786 1270 ⁴Cum
833 1229 964 1283 igitur
1013 1225 1188 1270 antehac
1238 1230 1281 1269 in
1332 1229 1684 1271 determinatione

224 1292 378 1339 oneris,
409 1292 526 1343 quod
562 1294 732 1345 quaeuis
768 1292 965 1334 columna
995 1292 1159 1346 ⁴gestare
1192 1292 1319 1341 valet,
1339 1292 1494 1332 nullam
1522 1292 1686 1347 proprii

227 1355 423 1410 ponderis
459 1355 669 1396 rationem
703 1356 937 1405 tenuissem,
973 1357 1116 1409 regula
1150 1357 1290 1405 etiam,
1324 1370 1450 1410 quam
1486 1357 1582 1398 inde
1617 1359 1688 1398 de-

226 1420 464 1469 duxeram,
510 1420 687 1472 quadam
723 1420 806 1460 leui
844 1421 1105 1461 correctione
1140 1421 1370 1473 indigebit,
1407 1434 1511 1474 quae
1547 1431 1685 1462 autem

226 1492 315 1525 tam
349 1484 428 1522 erit
464 1484 631 1535 exigua,
665 1494 713 1523 vt
747 1485 789 1524 in
825 1485 947 1538 praxi
985 1493 1076 1524 tuto
1112 1484 1265 1537 negligi
1300 1493 1438 1537 queat.
1483 1484 1553 1524 Ad
1574 1484 1687 1538 quod

224 1546 530 1587 ostendendum
567 1546 807 1588 columnam
844 1547 913 1587 hic
966 1542 1178 1587 inuentam
1200 1578 1211 1597 ‚
1263 1560 1370 1601 qua-e
1406 1545 1476 1587 sub
1512 1549 1689 1602 proprio

229 1611 412 1665 pondere
447 1609 675 1657 occumbit,
694 1612 814 1653 iuxta
849 1611 1037 1664 regulam
1068 1622 1166 1651 ante
1200 1613 1337 1652 datam
1374 1613 1680 1661 examinemus,

229 1689 310 1727 qua
345 1686 471 1713 onera
506 1674 677 1729 inuenta
713 1675 803 1715 sunt
836 1685 976 1715 tenere
1012 1676 1218 1716 rationem
1251 1674 1533 1728 dupplicatam
1570 1689 1690 1718 com-

230 1739 405 1793 positam
451 1750 506 1777 ex
547 1738 705 1778 directa
741 1739 1063 1793 amplitudinum
1101 1740 1166 1780 seu
1202 1739 1358 1779 basium
1395 1749 1437 1778 et
1471 1741 1689 1794 reciproca

234 1802 516 1841 altitudinum„
601 1802 712 1841 Hinc
758 1816 854 1843 cum
889 1803 1137 1842 columellae
1171 1815 1250 1856 pro
1285 1802 1460 1843 modulo
1493 1804 1687 1844 assumtae

232 1865 412 1909 altitudo
447 1865 543 1904 effet
577 1878 705 1914 za,
758 1866 993 1921 amplitudo
1037 1866 1118 1906 siue
1169 1880 1263 1908 area
1297 1865 1435 1907 baseos
1467 1867 1617 1907 :dd
1648 1876 1691 1907 et

230 1942 338 1969 ,onus
373 1929 575 1981 gestatum
609 1933 751 1970 ῑ-λα
771 1930 852 1980 dd,
893 1930 1016 1984 ipsius
1050 1941 1191 1972 autem
1236 1930 1459 1971 columnae
1492 1931 1688 1972 inuentae
1709 1921 1720 1933 ’

236 2024 469 2078 ampl-itudo
504 2039 558 2065 z
577 2023 601 2065 b
620 2024 644 2066 b
659 2055 670 2075 ‚
705 2024 890 2068 altitudo
923 2039 1027 2068 vero
1075 2025 1103 2068 h
1118 2042 1175 2069 z:
1193 2040 1220 2068 a
1237 2008 1276 2068 1³!
1291 2019 1403 2087 ζῖξὲῐέᾒ
1422 2056 1433 2076 ,
1485 2039 1691 2082 ponamus

235 2106 357 2143 onus,
411 2097 523 2148 quod
573 2095 678 2137 haec
730 2096 927 2138 columna
976 2098 1095 2139 iuxta
1145 2098 1333 2152 regulam
1368 2100 1525 2152 gestare
1559 2101 1692 2154 poffet

237 2171 292 2199 ...τ
312 2153 333 2208 ξ
353 2157 498 2213 Μέν,
548 2160 619 2200 vbi
649 2158 766 2201 hb'b
799 2161 972 2208 exhibet
1003 2162 1139 2217 ipsum
1172 2162 1294 2203 huius
1329 2164 1551 2205 columnae
1586 2175 1693 2218 pon-

1600 2228 1686 2268 dus.
