1835 2553
560 151 686 201 -νὲὶξ
742 153 765 203 J·
788 159 891 196 [123⁷
921 144 935 200 (
1001 145 1117 194 &2⁶32-

301 269 339 317 §.
374 271 418 316 4.
483 259 603 316 Quin
637 260 764 303 etiam
800 259 884 316 ipse
918 266 1287 314 praeteromnem
1315 255 1575 311 expessatio-

115 345 215 376 nem
252 332 303 372 ad
337 328 634 372 enodationem
665 326 788 366 huius
823 323 1075 380 quaestionis
1094 322 1182 363 sum
1203 322 1440 380 pterdndius,
1475 332 1571 360 cum

117 399 224 440 olim
268 393 603 437 incuruationem
651 390 902 432 laminarum
937 389 1232 436 elasticarum,
1282 399 1388 441 quae
1421 385 1515 441 ipsis
1553 399 1576 426 a

116 460 274 503 viribus
310 457 626 512 quibuscunque
659 456 896 504 inducatur,
931 453 1240 507 inuestigarem.
1311 449 1424 493 Cum
1461 451 1576 491 enim

117 525 316 568 laminam
350 522 562 563 ela-sticam
598 519 750 563 ACB
785 521 910 561 essem
947 517 1257 571 contemplatus
1278 547 1289 566 ,
1342 529 1447 571 quae
1485 526 1577 556 ten·

117 591 229 633 fione
264 586 444 628 chordae
479 585 575 626 AB
612 585 653 624 in
690 586 836 625 statum
874 585 1138 628 incuruatum
1174 581 1212 622 A
1236 578 1272 623 C
1295 581 1326 623 Β
1362 582 1489 623 fuerit
1514 594 1578 623 re·

116 653 262 703 dufta,
298 662 339 692 et
374 664 450 704 pro
488 650 639 704 quouis
675 649 803 703 gradu
838 648 1138 689 incuruationis
1175 649 1451 701 quantitatem
1490 648 1581 687 ten-

117 719 242 761 flou-is
277 716 458 758 chordae
487 715 613 755 effem
651 715 946 768 perscrutatus,
967 724 1051 753 non
1087 711 1172 752 fine
1208 712 1489 752 admiratione
1517 712 1582 752 in-

118 783 250 831 veni,
300 780 636 821 incarnationem
682 778 786 818 adeo
820 777 985 818 infinite
1021 788 1193 830 paruam
1230 777 1312 817 iam
1350 776 1584 817 tensionem

118 845 284 889 finitam
311 844 538 898 «postulare,
574 843 632 883 ita
652 851 712 891 vt,
747 841 949 893 quamdiu
985 838 1272 887 chordaAB,
1306 843 1472 893 vtrique
1499 850 1584 881 ter-

119 911 242 953 mino
287 909 473 950 xlaminae
508 906 694 949 elasticae
740 905 921 958 alligata,
956 904 1001 944 vi
1036 915 1283 956 quacunque
1320 906 1485 945 minore
1520 906 1585 945 iu-

121 975 346 1022 tendatur,
381 972 581 1013 laminam
629 968 784 1010 nullam
828 968 949 1022 plane
994 967 1286 1014 inflexionem,
1333 980 1384 1008 ne
1420 969 1583 1010 infinite

120 1039 292 1092 quidem
325 1047 514 1090 paruam,
550 1034 626 1074 effe
661 1035 882 1087 passuram,
919 1045 1015 1073 cum
1053 1042 1193 1072 tamen
1230 1032 1371 1072 eidem
1405 1033 1585 1074 laminae

118 1097 217 1143 AC
240 1099 290 1149 Β,
325 1099 474 1152 parieti
500 1099 551 1139 <in
571 1097 796 1147 Binfixae,
829 1098 958 1139 etiam
993 1111 1016 1137 a
1051 1096 1231 1139 minima
1266 1097 1310 1138 vi
1337 1096 1372 1139 A
1396 1113 1423 1140 α
1457 1110 1584 1152 quae-

117 1164 218 1206 dam
251 1164 492 1206 incuruatio
527 1163 761 1205 inducatur.

308 1293 345 1342 §.
384 1302 421 1339 5.
492 1290 748 1345 Quanquam
790 1300 933 1332 autem
980 1291 1180 1333 columna
1215 1292 1403 1333 maxime
1438 1290 1589 1332 discre-

120 1364 194 1412 pat
230 1370 254 1396 a
286 1355 441 1396 lamina
475 1355 666 1403 clastica‚
718 1364 857 1395 tamen
894 1357 937 1395 in
974 1355 1057 1397 hoc
1092 1356 1258 1410 egregie
1295 1357 1597 1405 conueniunt,

121 1421 238 1474 quod
272 1419 472 1461 columna
508 1434 529 1459 a
563 1419 753 1473 pondere
787 1420 1058 1461 incumbente
1093 1421 1233 1474 rumpi
1269 1431 1479 1474 nequeat,
1515 1419 1590 1460 nifi

122 1484 198 1537 ipsi
233 1494 326 1524 ante
361 1484 430 1525 vel
464 1484 643 1524 minima
661 1484 866 1536 quaedam
890 1485 1068 1524 inflexio
1089 1484 1323 1530 inducatur·
1370 1483 1589 1537 Quoniam

122 1547 251 1601 igitur
297 1548 458 1602 pondus
504 1547 750 1588 incumbens
787 1547 911 1588 simili
946 1547 1078 1588 modo
1112 1548 1156 1587 in
1191 1547 1436 1590 columnam
1473 1548 1588 1601 agit,

124 1624 212 1665 quo
245 1611 402 1654 lamina
437 1612 599 1653 elastica
631 1609 784 1652 ACB
822 1610 934 1666 (Fig.
976 1608 1040 1665 2.)
1093 1626 1116 1652 a
1151 1610 1309 1652 chorda
1343 1611 1440 1653 AB
1478 1612 1588 1652 solli-

125 1676 296 1723 citatur,
331 1677 500 1717 euidens
535 1676 605 1725 est,
640 1676 1029 1717 etiam'columnae
1065 1689 1117 1716 ne
1153 1676 1377 1716 minimam
1413 1676 1587 1730 quidem

125 1738 401 1780 inflexionem
447 1741 591 1782 induci
635 1740 778 1794 poss‘e,
831 1741 904 1781 nifi
942 1741 1106 1793 pondus
1142 1740 1389 1786 incumbens
1424 1750 1588 1781 certum

125 1803 334 1857 quendam
369 1803 547 1846 limitem
582 1806 851 1858 superauerit.
921 1802 1246 1852 Confideremus
1283 1806 1395 1845 enim
1427 1804 1592 1845 colum-

125 1879 226 1907 nam
261 1866 355 1907 AB
377 1864 496 1917 CD,
547 1869 612 1909 cui
663 1868 730 1908 abv
755 1869 1026 1911 incumbente
1071 1870 1257 1923 pondere
1292 1872 1376 1911 iam
1401 1869 1591 1914 ,inflexio

126 1930 291 1971 infinite
325 1944 453 1984 parua
488 1932 537 1971 fit
573 1933 764 1983 indueia,
818 1947 898 1986 qua
942 1935 1031 1974 eius
1068 1935 1156 1974 axis
1194 1945 1460 1973 curuaturam
1497 1932 1590 1972 infi-

126 1995 215 2036 nite
249 2008 420 2048 paruam
459 1992 613 2036 OVP
647 1999 882 2052 acceperit,
926 1998 984 2037 ita
1018 2007 1064 2036 vt
1100 1997 1212 2037 reeta
1248 1995 1288 2037 O
1311 1997 1338 2035 P
1376 1996 1423 2036 fit
1457 1998 1590 2036 verti-

128 2059 259 2107 calis,
310 2069 352 2098 et
395 2061 596 2113 quoniam
633 2073 737 2102 onus
772 2061 1020 2103 incumbens
1057 2059 1283 2100 secundum
1319 2059 1425 2100 hanc
1462 2060 1591 2114 ipsam

129 2124 405 2165 dirediionem
444 2122 535 2165 ΟΡ
568 2134 703 2177 Vrget,
725 2127 912 2166 eandem
947 2125 1033 2164 vim
1073 2123 1292 2163 manifesto
1328 2126 1493 2169 exerit,
1544 2138 1591 2165 ac

129 2186 161 2230 fi
195 2188 499 2231 chordaree‘ta
533 2187 625 2231 ΟΡ
659 2190 750 2244 pari
783 2191 828 2231 vi
861 2189 899 2231 se
934 2188 1181 2231 contrahere
1217 2189 1503 2242 anniteretur3
1537 2202 1591 2230 ex

843 2251 891 2307 Q
925 2265 949 2291 2
1506 2265 1592 2307 quo

1614 520 1701 557 Tab.
1730 518 1778 558 ῙῙ,

1615 571 1690 621 Fig.
1718 582 1752 607 2.

1619 1070 1697 1123 Fig.
1730 1087 1763 1120 3.

1623 1696 1700 1747 Fig.
1732 1714 1761 1745 4
