1835 2553
489 255 606 308 „ga-,g
670 252 867 314 ΗΜ(
928 254 1046 308 5323«-

218 371 252 419 §-
296 373 368 416 26,
432 366 606 410 Vltimo
639 378 782 409 autem
817 367 918 409 loco
950 366 1181 410 obseruaffe
1215 368 1358 415 iuuat,
1407 367 1498 408 fieri

24 431 174 487 vtique
209 435 340 487 poffe,
382 441 432 473 vt
478 431 583 473 haec
619 433 827 474 correctio
860 427 887 473 δ
921 444 1002 485 pro
1035 433 1163 473 variis
1196 431 1303 472 locis
1339 431 1502 472 diuersa

25 494 108 549 siv,
140 506 237 538 nam
258 498 300 538 in
336 496 402 538 his
435 495 790 549 disquisitionibus
823 496 1004 550 supponi
1038 495 1161 547 solet,
1193 496 1401 548 imagines
1424 494 1501 536 So-

26 559 78 602 lis
113 570 161 603 et
194 561 340 603 Lunae
373 559 623 602 circularem
657 559 813 601 habere
844 560 1050 614 figuram,
1084 560 1201 614 quod
1237 569 1395 606 tamen,
1430 558 1503 599 sal-

27 632 122 665 tem
157 637 238 679 pro
273 626 455 679 imagine
473 622 600 673 Solis,
632 623 898 678 aliquantum
925 637 949 665 a
974 625 1156 666 veritate
1186 623 1394 671 abludere,
1430 635 1507 677 per

30 687 247 730 mensuras
282 688 571 730 Micrometro
604 687 820 730 obiestiuo
853 688 1078 738 institutas,
1112 691 1153 728 (e
1179 687 1382 728 inuenisse
1401 698 1507 727 non-

30 751 138 794 nulli
170 750 423 794 Astronomi
457 754 744 805 contendunt;
793 764 871 794 nec
915 751 1287 793 verisimilitudine
1323 751 1507 792 destitui-

32 824 126 867 tur,
159 815 272 858 idem
308 829 389 872 pro
421 816 544 858 Luna
576 807 777 860 obtinere.
845 813 992 871 Quare
1029 815 1059 855 fi
1092 815 1409 856 obseruationes
1445 814 1509 855 in-

32 887 100 922 ter
134 880 175 921 se
208 881 496 930 conferantur,
530 892 611 934 pro
644 879 795 933 quibus
828 879 1094 921 Latitudines
1121 880 1267 921 Lunae
1303 891 1509 932 apparen-

34 952 103 986 tes
144 942 467 999 discrepantiam
501 944 613 984 inter
645 942 686 984 se
721 943 926 998 insignem
961 943 1143 985 habeant
1163 974 1175 994 ‚
1230 953 1324 984 tum
1362 942 1509 996 vtique

39 1005 137 1049 fieri
170 1008 330 1061 potest,
373 1016 420 1048 vt
455 1005 784 1062 phaenomenon
817 1008 930 1049 circa
962 1007 1086 1048 valde
1121 1006 1285 1049 diuersa
1318 1006 1516 1060 imaginis

39 1069 200 1114 solaris
233 1080 277 1112 et
311 1071 489 1113 Lunaris
532 1071 687 1125 punsta
730 1070 1011 1120 obstruetur,
1061 1071 1174 1112 vnde
1207 1071 1516 1112 diametrorum

41 1133 280 1176 aestimatio
313 1148 394 1190 pro
427 1145 616 1189 Vtroque
650 1134 751 1176 loco
784 1146 871 1175 non
907 1135 987 1175 effe
1014 1135 1150 1189 potest
1169 1135 1331 1178 eadem.
1366 1131 1518 1188 Quum

39 1207 152 1239 vero
184 1196 309 1240 huius
344 1198 652 1254 discrepantiae
685 1198 899 1239 rationem
932 1199 977 1238 in
1011 1196 1176 1239 calculo
1205 1198 1282 1238 vix
1316 1210 1340 1237 a
1372 1208 1427 1237 ne
1445 1197 1522 1238 vix

40 1261 218 1314 quidem
250 1261 407 1303 habere
441 1262 595 1313 liceat,
637 1260 786 1303 saltem
820 1273 1041 1316 quousque
1074 1261 1388 1316 experimentis
1422 1272 1525 1302 exa-

45 1323 232 1366 &issimis
283 1337 371 1366 non
415 1325 542 1368 fuerit
573 1324 830 1376 definitum,
879 1325 1106 1367 secundum
1141 1337 1270 1380 quam
1310 1324 1523 1365 tationem

46 1387 245 1429 diametri
278 1386 392 1431 Solis
426 1390 497 1432 vel
530 1389 675 1431 Lunae
707 1390 994 1431 variationem
1027 1391 1267 1445 patiantur-3
1318 1390 1524 1430 consueta

46 1448 266 1494 Methodo
314 1452 420 1495 haec
471 1453 774 1495 Phaenomena
829 1463 1045 1509 computo
1096 1453 1297 1495 subiicere
1348 1453 1527 1506 praesta·

52 1512 131 1564 bit,
167 1513 311 1557 saltem
345 1517 376 1559 fi
408 1517 574 1559 licuerit
605 1530 751 1560 earum
785 1519 1014 1572 praecipue
1043 1518 1389 1560 obseruationum
1407 1529 1527 1558 corn·

54 1577 321 1632 parationem
355 1581 590 1630 instituere,
621 1594 705 1636 pro
736 1581 886 1635 quibus
904 1582 1108 1624 Latitudo
1141 1582 1286 1623 Lunae
1320 1593 1527 1634 apparens

56 1652 145 1683 non
186 1642 335 1697 insigni
369 1645 605 1687 variatione
639 1644 879 1695 afficiatur,
931 1647 995 1686 ita
1025 1657 1077 1688 vt
1109 1646 1438 1701 phaenomenon
1475 1645 1528 1687 ad

221 1708 378 1764 puncta
419 1707 531 1752 haud
575 1709 759 1751 multum
793 1710 906 1750 inter
939 1709 981 1750 se
1013 1710 1206 1756 distantia
1235 1707 1360 1754 limbi

579 1773 726 1817 Lunae
760 1773 1004 1830 contigerit.

72 2340 177 2389 1&oe
191 2339 320 2386 Aeaci.
335 2339 434 2401 Imp.
447 2339 523 2384 Sc.
538 2339 648 2384 Tam.
666 2339 718 2382 ll.
737 2343 787 2381 Ρ.
801 2339 833 2382 1„
1059 2339 1106 2382 D
1135 2341 1164 2383 ὁ
1197 2339 1224 2382 ἀ
