1835 2553
718 178 837 231 ωὲεὲἐ
906 174 920 233 )
960 185 1046 229 178
1085 174 1099 234 (
1133 178 1248 230 3390<-

253 290 350 332 dem
385 297 437 330 'vt
474 287 637 330 infinite
673 303 824 344 paruus
860 292 915 332 est
951 292 1205 346 spectandus.
1283 293 1364 334 Hic
1400 302 1539 335 autem
1574 296 1720 350 impri-

253 355 335 398 mis
382 354 438 399 est
483 353 814 406 obseruandum,
866 358 991 397 istum
1043 358 1241 412 angulum
1270 373 1298 399 α
1333 355 1527 399 effectum
1582 369 1719 403 toturn

256 418 488 470 exhibere,
541 433 669 474 quem
714 421 778 461 vis
823 420 1100 463 horizontalis
1147 420 1208 473 C,
1244 423 1466 464 columnae
1502 423 1720 477 applicata,

253 485 490 540 producere
523 485 646 530 valet.
730 478 842 526 Hoc'
863 486 990 538 igitur
1026 487 1156 527 modo
1191 487 1312 529 series
1347 486 1510 528 infinita
1544 488 1721 543 reperiri

254 550 436 604 poterit,
488 563 593 604 quae
629 561 708 603 pro
745 549 932 601 qualibet
977 549 1143 592 abscissa
1175 564 1207 593 x
1257 552 1538 606 quantitatem
1588 551 1722 608 appli-

256 624 376 656 catae
408 626 444 667 y
478 612 785 658 determinabit.

393 755 395 759 ⁴
445 758 480 809 §-
521 770 594 807 23.
661 755 945 814 Integratione
980 767 1121 814 autem
1157 758 1235 799 hac
1268 758 1359 813 lege
1394 760 1580 803 instituta
1629 774 1724 803 eam

258 822 549 872 conditionem
603 821 879 878 principalem
932 823 1153 877 adin-pleri
1197 832 1397 877 oportet,
1446 837 1550 878 quae
1584 826 1726 879 postu-

251 887 338 941 lat,
374 898 434 937 Vt,
470 888 600 942 posita
636 888 799 929 abscissa
825 887 987 938 x:h‚
1023 888 1229 942 applicata
1265 901 1287 936 r
1320 888 1460 930 denuo
1495 889 1725 930 euanescat.

244 951 352 993 ‚Hoc
386 952 514 1005 igitur
551 952 680 993 modo
717 952 975 993 obtinebitur
1010 953 1230 1004 aequatio,
1285 965 1419 994 meras
1471 954 1722 1006 quantitates

256 1017 488 1072 const-antes
524 1016 773 1069 inuoluens;
809 1029 876 1057 eas
913 1016 1081 1066 scilicet,
1118 1017 1291 1069 quaein
1321 1017 1570 1070 aequatione
1604 1016 1726 1057 diffe-

254 1079 422 1121 rentiali
460 1079 756 1131 continentur,
793 1093 839 1120 ac
875 1091 1094 1134 praeterea
1145 1079 1344 1133 angulum
1396 1080 1648 1120 deflexionis
1674 1096 1722 1122 .α.

255 1144 373 1187 ,Ηίΰο
408 1155 549 1186 autem
584 1145 714 1198 ipsam
751 1144 857 1185 hanc
893 1144 1250 1191 deflexionemot,
1271 1152 1477 1196 quatenus
1513 1158 1535 1184 a
1570 1145 1612 1183 vi
1647 1143 1726 1184 ho-

259 1209 455 1250 rizontali
487 1206 523 1247 C
551 1209 815 1261 producitur,
854 1209 1038 1247 nondum
1077 1207 1251 1246 definire
1284 1206 1408 1254 licet,
1445 1208 1647 1259 quoniam
1681 1208 1725 1247 in

260 1273 340 1314 hac
377 1273 626 1325 aequatione
662 1271 794 1311 adhuc
834 1271 932 1311 inest
968 1271 1175 1322 quantitas
1217 1281 1268 1321 g,
1319 1269 1590 1310 interuallum
1626 1266 1726 1310 GO

259 1337 527 1391 exprimens,
581 1336 697 1376 cuius
749 1335 868 1376 valor
906 1347 1014 1374 nnuc
1050 1334 1223 1373 demum
1260 1344 1337 1384 per
1373 1332 1728 1385 integrationem,

261 1415 320 1443 ex
358 1400 607 1454 aequatione
644 1401 751 1441 inter
779 1413 810 1440 x
838 1409 879 1439 et
905 1412 936 1449 y
973 1401 1160 1442 inuenta,
1197 1395 1361 1436 definiri
1397 1396 1534 1438 debet.
1602 1395 1725 1437 Vidi-

852 1468 958 1502 sydx

899 1513 916 1534 Ι)

251 1556 315 1612 [γ
336 1556 412 1596 dx
447 1570 469 1596 a
506 1557 691 1596 termino
726 1568 829 1595 x:
850 1569 877 1594 0
915 1557 1039 1611 vsque
1077 1557 1124 1596 ad
1161 1555 1388 1596 terminum
1423 1553 1572 1596 xzh
1607 1555 1729 1600 fuerit

261 1632 500 1673 extensum.

236 1493 354 1537 uumus
409 1478 522 1518 enim
577 1478 656 1519 effe
707 1490 815 1530 g:
959 1503 991 1526 -,
1054 1475 1271 1528 postquam
1323 1473 1476 1514 scilicet
1525 1474 1728 1528 integrale

456 1764 490 1813 §.
530 1776 602 1814 24.
667 1762 888 1818 Postquam
925 1756 1052 1817 igitu'r
1088 1765 1281 1819 aequatio
1317 1765 1426 1805 inter
1460 1777 1492 1804 x
1525 1772 1567 1804 et
1603 1775 1633 1813 y
1669 1762 1731 1803 fu-

267 1826 346 1872 erit
397 1826 592 1877 inuenta,
644 1840 698 1867 ex
742 1842 789 1869 ea
822 1843 898 1883 per
931 1830 1257 1883 integrationem
1294 1829 1512 1870 euoluatur
1547 1825 1730 1877 formula

257 1888 435 1945 sydx,
466 1904 585 1944 quae,
622 1905 694 1944 per
730 1902 864 1934 totam
890 1894 1163 1934 *altitudinem
1199 1895 1378 1942 extensi,
1415 1890 1628 1947 praebebit
1654 1903 1731 1934 va·

266 1954 400 1994 iorem
439 1955 630 2008 producti
671 1955 765 2011 ghz,
818 1957 954 2011 ficque
989 1959 1126 1998 denuo
1159 1957 1258 1998 hinc
1294 1957 1502 2010 colligitur
1535 1954 1730 2007 aequatio

269 2019 380 2059 inter
414 2019 578 2059 easdem
629 2021 883 2073 quantitates
939 2023 1194 2070 constantes,
1247 2035 1353 2076 quae
1388 2032 1488 2072 ergo
1550 2017 1578 2057 fi
1630 2029 1729 2057 cum

261 2083 480 2136 superiore
533 2086 780 2137 aequatione
831 2086 1118 2135 combinetur,
1154 2086 1249 2127 inde
1293 2084 1496 2138 quantitas
1530 2093 1559 2135 g
1592 2080 1729 2123 elimi-

271 2148 359 2187 nari
394 2147 575 2201 poterit,
628 2162 714 2201 quo
749 2149 857 2190 fano
892 2150 1112 2192 habebitur
1147 2163 1256 2191 noua
1290 2147 1507 2201 aequatio,
1558 2159 1610 2187 ex
1646 2157 1729 2198 qua

272 2224 354 2266 pro
389 2213 536 2266 qnauis
570 2213 614 2253 vi
647 2212 903 2257 horizontali
939 2213 976 2258 C
1011 2215 1174 2257 definiri
1205 2213 1360 2269 poterit
1396 2211 1566 2267 angulus
1602 2209 1730 2250 defle-

1589 2283 1729 2317 xloms
