1835 2553
561 174 674 227 »aas
739 169 929 236 )265(
993 173 1109 223 ἓῐεέω

118 289 163 330 in
198 286 272 327 fitu
308 285 482 328 naturali
516 285 743 335 incumbit3
774 284 810 325 B
846 296 957 337 apex
991 284 1181 326 eiusdem
1219 284 1471 342 cartilaginis
1495 290 1565 331 sub

116 352 211 406 gula
246 352 487 404 prominens
520 360 561 389 et
597 348 751 389 collum
787 348 1123 401 subguttnrosum
1158 349 1360 403 reddens,
1393 353 1434 394 D
1461 355 1569 395 rima

116 414 333 467 glottidis,
406 412 595 454 musculis
660 411 1030 463 cricothyreoideis
1086 414 1258 453 remotis
1311 417 1569 471 conspicna3

119 478 154 519 C
186 492 278 534 pars
313 478 448 520 antica
483 476 730 531 cartilaginis
765 476 1021 529 crico'ideac5
1055 477 1090 517 F
1120 477 1259 516 annuli
1297 480 1502 522 tracheae.

300 606 527 649 Glandulae
562 606 808 659 thyreoideae
840 607 968 656 duae,
1015 607 1211 662 vtrinque
1248 608 1426 652 solitarie
1460 606 1573 652 intra'

115 671 348 726 marginem
400 672 649 724 cartilaginis
694 672 923 712 crico'ideae
968 671 1094 721 fitae,
1144 673 1338 714 lateribus
1375 673 1568 716 tracheae

111 735 416 784 incumbentes,
451 734 678 784 brnnneae,
716 745 873 783 tenues,
904 734 1124 787 oblongae,
1163 736 1315 788 pollice
1337 737 1568 788 breuiores,

111 798 368 853 semipollice
417 799 683 851 angustiores,
735 811 910 850 quarum
946 799 1099 838 sinistra
1144 799 1215 839 sub
1247 800 1385 841 littera
1417 801 1455 844 E
1496 801 1567 854 fig.

115 864 189 903 cit.
224 862 414 903 exhibita
448 862 515 902 est.
581 883 684 890 -—
717 860 801 902 Sub
836 862 921 902 sinu
957 861 1173 912 lacrymali
1195 864 1314 916 supra
1341 865 1564 918 descripto,

115 936 210 967 ante
244 926 387 967 oculos
421 927 463 966 in
499 923 620 965 fouea
663 924 956 974 anteorbitali,
1009 924 1160 980 (quam
1198 927 1267 966 sub
1302 927 1454 969 litteris
1490 942 1512 970 r
1544 941 1568 970 s

113 990 157 1035 in
193 989 302 1030 Tab.
335 990 378 1030 X
426 999 469 1029 et
517 990 560 1028 in
604 987 712 1029 Tab.
747 987 809 1028 XI
844 987 914 1041 fig.
957 1003 976 1029 1
1016 990 1160 1030 videre
1205 989 1354 1043 licet),
1402 992 1474 1033 fita
1509 992 1568 1033 est

112 1053 305 1106 glanduiv.
336 1061 472 1100 onata,
507 1051 709 1103 iuglandis
745 1052 922 1090 minoris
957 1053 1258 1103 magnitudine,
1299 1055 1438 1094 tunica
1474 1067 1569 1095 mu-

111 1115 257 1157 sculari
291 1125 462 1155 externe
496 1114 670 1162 vestita,
723 1115 941 1155 lnbstantia
976 1114 1150 1168 stipata,
1202 1129 1329 1158 muco
1363 1116 1567 1159 sebaceo-

109 1176 309 1232 grumoso
361 1179 591 1232 nigricante
642 1177 828 1226 scatens,
880 1179 951 1229 qni
997 1191 1020 1219 e
1056 1178 1318 1221 foraminulis
1353 1182 1397 1221 in
1432 1181 1564 1222 fundo

112 1242 221 1283 finus
254 1241 389 1281 obuiis
424 1242 563 1293 digitis
602 1241 784 1293 exprimi
818 1241 973 1292 potest3
1007 1240 1105 1280 hinc
1142 1243 1250 1283 male
1272 1243 1400 1295 sinus,
1428 1244 1567 1296 lacry-

115 1303 233 1344 malis
281 1302 456 1351 dicitur,
507 1303 659 1345 rectius
695 1302 968 1344 anteorbitalis
1001 1303 1215 1346 dicendus.
1281 1304 1569 1358 Lacrymarum

116 1365 323 1421 glandulae
356 1366 476 1408 solito
511 1365 640 1413 modo
675 1367 717 1406 in
753 1366 887 1410 orbita
921 1367 1020 1408 sitae
1056 1367 1173 1418 sunt,
1223 1382 1453 1424 earumque
1488 1372 1565 1412 du-

118 1433 204 1472 etus
249 1431 291 1469 in
336 1430 588 1484 marginibus
625 1430 916 1484 palpebrarum
951 1430 1081 1472 hiant.
1148 1456 1250 1464 --
1281 1432 1369 1474 Sub
1391 1435 1564 1489 sinubus

117 1494 404 1547 inguinalissus‚
440 1493 643 1550 (quorum
681 1495 801 1536 situm
838 1494 993 1536 Tabula
1027 1494 1178 1536 XXIV
1212 1497 1321 1537 Tomi
1344 1497 1427 1538 XII
1459 1498 1565 1551 Hist.

116 1568 252 1601 natur.
289 1557 393 1614 Buff
428 1558 534 1599 bene
566 1557 809 1612 exprimit),
843 1558 1034 1613 glandula
1062 1559 1311 1612 conglobata
1340 1561 1464 1610 nulla,
1499 1562 1568 1603 sed

120 1621 189 1664 sub
223 1632 317 1662 cute
350 1622 554 1676 glandulae
583 1622 805 1672 solitariae,
844 1622 1010 1662 seminis
1046 1621 1228 1663 miliacei
1264 1625 1565 1676 magnitudine,

119 1685 378 1728 substantiam
437 1687 705 1740 grumosam,
763 1687 948 1737 luteam,
998 1685 1159 1730 hircine
1205 1686 1437 1730 foetentem
1488 1701 1564 1732 ex—

116 1750 320 1792 sudantes.
925 1755 932 1764 ¹

310 1880 442 1921 Pulmo
476 1881 613 1922 dexter
658 1881 988 1934 quinquelobus3
1039 1882 1124 1923 lobi
1169 1890 1350 1934 quatuor
1386 1882 1570 1936 longitu-

122 1944 311 1985 dinaliter
346 1945 392 1984 ad
429 1946 583 1997 spinam
618 1944 709 1994 fiti,
754 1946 905 1991 vltimo
956 1947 1258 2000 diaphragmati
1296 1947 1567 1986 incumbente

123 2009 343 2056 maximo,
392 2007 559 2059 reliquis
603 2008 938 2062 subaequalibns,
994 2012 1142 2060 quinto
1187 2011 1294 2047 inter
1330 2010 1569 2048 maximum

122 2071 235 2112 hunc
269 2082 309 2111 et
344 2084 416 2111 cot·
451 2071 654 2117 collocato
688 2074 879 2113 omnium
915 2073 1109 2113 minimo.
1176 2071 1478 2126 Pulmofimster
1507 2072 1573 2111 bi-

122 2136 265 2183 Iobus,
310 2134 407 2174 lvbo
438 2135 647 2187 superiore
680 2136 914 2189 longissimo
949 2148 990 2176 et
1024 2128 1195 2176 sinuato.
1265 2135 1375 2174 Hinc
1412 2135 1570 2186 septem

122 2199 208 2239 lobi
237 2198 498 2251 pulmonales
534 2199 821 2239 euidentiffimi
856 2211 898 2240 et
932 2202 1100 2242 ostanus
1137 2199 1358 2241 obsoletus.
1430 2198 1504 2239 cir
1526 2200 1570 2238 in

116 2262 226 2306 Ἀέῗα
244 2262 368 2304 Acad.
387 2261 482 2318 Imp.
501 2260 568 2303 Sc.
587 2261 694 2304 Tem.
713 2262 763 2304 ΙΙ.
782 2265 825 2303 P.
845 2263 877 2306 Ι.
1147 2263 1181 2306 L
1216 2262 1231 2302 l
1481 2274 1571 2318 meff
