1835 2553
606 142 721 193 »5033
784 138 798 198 )
842 137 985 196 231(
1047 139 1164 190 &sega-

149 268 202 299 ex
238 254 372 310 capite
407 261 576 295 mortuo
611 252 825 306 descripti,
860 251 1055 293 culinaris·
1093 265 1277 307 nempe,
1312 266 1409 296 cum
1446 255 1613 298 tantillo

148 320 266 361 alcali
302 318 512 360 mineralis
550 329 631 356 nou
669 316 850 358 saturati.
934 316 1123 372 Eiusque
1165 319 1329 373 pondus
1365 321 1612 364 vniuersum

146 383 430 439 septendecim
465 380 544 421 fuit
577 393 823 434 granorum.

332 509 464 551 Leues
501 509 652 549 cineres
688 507 848 549 lotione
894 507 1145 562 depuratos,
1197 508 1454 565 ficcatosque
1489 512 1616 554 calci-

146 575 256 618 naui.
302 572 561 614 Subtiliffimi
599 574 819 618 videntur,
853 582 897 613 et
932 574 1155 627 particulas
1191 574 1285 616 satis
1323 576 1473 617 multas
1509 590 1614 617 con-

147 641 282 681 tinent
332 639 508 684 ferreas,
561 638 745 689 magneti
804 637 1168 687 adhaerescentes,
1221 642 1468 693 praesertim
1523 641 1615 695 post

144 702 362 758 praeuiam
399 713 494 741 cum
533 699 628 740 sebo
663 700 884 741 vstionem.
915 750 920 755 ,
952 698 1168 743 Gallarum
1205 716 1377 758 quoque
1430 704 1613 746 infusum

142 768 241 809 inde
279 764 498 818 nigrescit3
548 764 616 805 sed
651 776 750 805 cum
785 764 914 805 acidis
949 765 1109 807 cineres
1143 767 1207 808 isti
1250 768 1326 809 vix
1377 769 1612 823 quidquam

144 840 387 875 mouentur.

554 921 603 948 ‘au

332 956 651 1001 Semidrachma
691 955 846 997 horum
883 956 1100 1006 cinerum,
1151 969 1248 998 cum
1284 956 1488 999 drachma
1523 956 1613 1000 salis

142 1024 291 1068 tartari
325 1032 367 1062 et
402 1022 574 1060 dimidia
611 1021 771 1060 horacis
806 1018 926 1060 facile
962 1019 1150 1061 funditur
1185 1021 1227 1058 in
1264 1022 1424 1061 vitrum
1468 1022 1612 1074 impu-

139 1101 235 1130 rum
274 1086 338 1126 seu
375 1085 552 1125 scoriam
604 1083 843 1124 virescentis
896 1084 1076 1130 coloris,
1127 1096 1232 1137 quae
1278 1085 1363 1125 aeri
1417 1085 1612 1138 exposita

137 1149 346 1195 humescit
403 1147 570 1195 (cufim,
624 1146 672 1187 fit
718 1149 859 1202 nigra,
911 1149 1168 1201 tandemque
1213 1148 1301 1189 fere
1349 1148 1610 1203 deliquescit.

139 1215 233 1257 Hac
270 1213 448 1253 ,feruenti
483 1223 588 1262 aqua
623 1210 781 1259 soluta,
830 1224 958 1263 grana
993 1212 1228 1251 octodecim
1266 1222 1401 1251 terrae
1438 1214 1609 1264 nigrae,

140 1277 400 1329 aliquantum
437 1273 683 1314 vitnficatae
717 1273 1034 1327 superfuerunt3
1079 1274 1232 1314 solutio
1267 1287 1373 1315 vero
1407 1275 1607 1328 limpida,

141 1341 227 1383 fine
261 1339 347 1380 vllo
381 1337 459 1377 coh
482 1349 525 1377 re
563 1337 766 1390 apparuit.
849 1338 960 1378 Huic
996 1338 1024 1378 si
1061 1337 1245 1378 affundas
1282 1337 1447 1379 acidum
1484 1338 1609 1378 vitri-

141 1406 225 1452 oli‚
262 1402 331 1444 sub
369 1401 662 1441 efferuentiam
697 1401 865 1454 insignis
904 1402 1033 1456 surgit
1072 1402 1234 1456 hepatis
1273 1401 1478 1456 sulphuris
1516 1401 1608 1442 foe-

142 1478 233 1517 tor,
287 1477 327 1506 et
369 1465 513 1506 senfim
555 1466 674 1505 aucta
712 1467 818 1506 acidi
862 1468 1140 1520 proportione
1179 1466 1300 1506 color
1335 1467 1480 1507 viridis
1517 1478 1607 1505 ma-

142 1534 287 1586 gisque
339 1529 537 1570 saturatus
587 1530 746 1578 oritur,
796 1530 956 1571 seruata
1001 1541 1143 1570 tamen
1178 1529 1431 1581 limpiditate
1466 1529 1607 1582 liquo-

143 1596 414 1648 ris-adusque
449 1594 765 1644 saturationem3
814 1606 896 1648 qua
932 1594 1141 1648 perfecta,
1193 1593 1385 1634 turbatur
1419 1603 1463 1633 et
1498 1590 1604 1633 sedi-

145 1670 337 1701 mentum
389 1658 532 1711 ponit,
587 1659 698 1709 qnod
747 1667 893 1699 tamen
937 1659 1077 1698 denuo
1113 1669 1167 1697 ex
1204 1668 1320 1709 parte
1355 1656 1604 1706 resoluitur,

143 1722 354 1776 superstite
389 1721 477 1774 post
511 1721 830 1762 elixiuationem
868 1724 1021 1775 exigua
1065 1719 1256 1777 (granos.
1292 1717 1387 1775 sex)
1436 1722 1605 1775 quanti·

144 1796 231 1828 tate
266 1795 396 1826 terrae
432 1784 617 1836 siliceae,
651 1786 783 1827 dilute
819 1786 1055 1827 coeruleae.

329 1915 491 1966 Liquor
525 1914 642 1954 acido
678 1916 876 1956 saturatus
925 1904 1234 1970 euaporatione
1285 1923 1456 1969 generat
1507 1925 1608 1964 cry·

142 1979 277 2023 stallos
312 1979 507 2030 exiguaS‚
541 1978 768 2031 depressas,
811 1980 964 2033 partim
1001 1980 1251 2033 polyedras‚
1303 1979 1486 2031 perfecie
1522 1978 1608 2027 hy·‘

141 2045 297 2093 almas,
348 2043 391 2082 in
435 2053 508 2081 ore
551 2040 796 2082 difficillime
853 2042 1073 2088 solubiles,
1127 2042 1502 2089 snbamaricantcs‚
1558 2041 1602 2080 in

140 2110 237 2162 igne
272 2120 368 2147 cum
410 2105 685 2158 crepitatione
734 2106 999 2155 diffilientes‚
1050 2118 1155 2157 quae
1193 2103 1373 2158 spatosae
1425 2115 1598 2145 naturae

141 2174 223 2215 esse
255 2170 518 2212 videbantur.
584 2168 804 2210 Vlt'eriore
838 2169 1140 2225 euaporatioue
1173 2169 1466 2224 producuntur
1501 2179 1603 2218 cry-

1501 2230 1604 2274 stalli
