1835 2553
665 171 784 225 „ga-,g
846 168 863 228 )
901 182 991 224 150
1025 168 1042 229 (
1106 169 1221 223 ἓῖεέω

13 303 101 342 Tab.
135 302 199 341 111,
216 300 309 330 rum
347 285 476 347 altera
511 284 686 328 exhibet
712 259 885 329 *valores
920 287 1086 328 litterae
1120 297 1156 335 s,
1191 283 1319 327 altera
1353 298 1458 328 vero
1493 285 1677 344 (Fig.>3.)

33 353 113 405 Fig.
140 369 170 392 2.

58 419 93 443 et
115 418 145 450 3.

212 384 373 426 valores
420 384 628 426 formulae
667 364 809 432 syc,
861 398 966 438 quae
1011 383 1213 439 posterior
1247 382 1380 436 figura
1414 397 1516 440 ergo
1548 386 1679 441 ipsam

211 464 402 499 curnam,
439 464 565 491 fluam
604 452 828 490 columnae
867 449 1102 496 tribuimus,
1129 448 1462 503 repraesentabit,
1499 451 1527 492 ss
1551 452 1680 493 modo

210 525 397 565 notetur,
433 516 657 569 applicatas
695 515 919 554 secundum
959 514 1179 555 modulum
1217 513 1352 554 multo
1378 515 1580 557 maiorem
1603 517 1681 558 esse

211 581 440 634 expressas,
487 594 573 634 quo
608 580 863 618 variationes
899 590 1041 618 earum
1077 576 1225 617 clarius
1260 579 1302 618 in
1339 579 1484 620 oculos
1520 581 1681 622 incide-

212 655 317 686 rent.
391 643 635 697 Principalis
672 643 800 695 igitur
835 641 1024 694 quaestio
1056 640 1139 680 'huc
1158 642 1276 691 redit,
1301 653 1443 684 vtrum
1480 644 1558 686 hae
1576 646 1680 687 duae

212 720 382 757 cui-uae,
404 711 611 749 continuo
647 707 778 759 magis
814 705 1105 760 prolongatae,
1127 706 1296 745 tandem
1332 719 1408 759 per
1443 722 1566 750 axem
1602 710 1681 752 fint

210 772 486 815 transiturae?
527 770 800 812 Manifestum
838 770 953 810 enim
989 769 1060 818 est,
1097 767 1225 810 talem
1259 770 1478 815 transitum
1512 774 1555 815 in
1590 787 1682 817 am..

209 838 338 880 babus
372 837 513 881 curuis
549 835 670 878 simul
705 836 950 891 confingere
984 833 1147 876 debere.

399 975 432 1022 ξ.
470 984 512 1021 9.
581 969 708 1026 Quod
747 969 774 1011 fi
813 969 896 1010 iam
931 968 1013 1010 fiue
1048 968 1168 1016 illam*
1197 969 1419 1020 tabellam,
1453 971 1539 1012 fiue
1572 970 1682 1027 figu-

208 1047 273 1077 ras
308 1035 405 1076 inde
442 1036 670 1075 delineatas
706 1044 869 1075 attente
905 1034 1230 1084 confideremus,
1266 1036 1377 1075 circa
1410 1035 1576 1077 valores
1609 1037 1681 1079 lit-

207 1108 323 1139 terae
359 1112 379 1139 s
413 1101 648 1154 generatim
693 1099 996 1149 obseruamus„
1046 1111 1118 1139 eos
1166 1100 1340 1152 propius
1375 1102 1513 1140 versus
1549 1113 1676 1142 axem

205 1176 499 1217 conuergere‚
550 1165 713 1204 interea
748 1174 887 1203 autem
933 1164 1050 1204 miris
1086 1163 1385 1204 inflex-ionibus
1421 1163 1551 1203 modo
1587 1178 1677 1206 ma·

202 1229 266 1282 gis
302 1228 351 1268 ab
388 1241 466 1268 axe
503 1229 700 1267 recedere
738 1228 869 1266 modo
904 1227 1083 1280 propius
1118 1227 1348 1275 accedere,
1405 1236 1533 1278 atque
1568 1229 1675 1269 adeo

204 1292 249 1332 in
284 1292 363 1332 hac
399 1305 528 1333 curua
563 1292 684 1345 plura
722 1291 911 1331 maxima
946 1299 990 1330 et
1026 1290 1205 1329 minima
1240 1301 1492 1340 occurrere,
1526 1290 1673 1342 veluti,

204 1358 392 1412 primum
429 1357 656 1397 minimum
694 1354 1023 1408 deprehenditur
1059 1366 1192 1407 prope
1228 1353 1439 1393 abscissam
1475 1357 1676 1409 1:603

204 1422 355 1462 deinde
391 1433 498 1462 vero
535 1421 766 1475 applicatae
803 1421 960 1462 iterum
988 1418 1202 1467 crescunt,
1237 1430 1369 1471 vsque
1399 1417 1449 1458 ad
1478 1427 1548 1458 t:
1570 1432 1675 1471 120,

202 1487 300 1527 inde
345 1498 451 1526 vero
486 1487 642 1526 iterum
669 1482 924 1524 decrescunt
958 1483 1276 1537 propemodum
1310 1495 1444 1535 vsque
1479 1483 1529 1522 ad
1564 1497 1674 1534 400.

203 1549 515 1605 Quamobrem,
551 1547 664 1588 cum>
686 1546 777 1587 satis)
814 1549 917 1587 certi
953 1548 1030 1587 effe
1066 1559 1269 1599 queamus
1290 1577 1301 1596 ‚
1350 1546 1514 1587 valores
1552 1549 1680 1590 mini-

203 1628 329 1662 mos,
372 1626 530 1668 quippe
567 1614 639 1665 qui
671 1611 903 1652 secundum
941 1622 1143 1651 numeros
1178 1622 1224 1658 0,
1246 1623 1371 1661 1577
1408 1621 1443 1651 et
1485 1623 1528 1660 0,
1553 1621 1674 1663 1338

205 1679 458 1735 procedunt
498 1678 703 1718 continuo
732 1677 912 1730 propius
950 1675 999 1715 ad
1037 1687 1161 1716 axem
1198 1676 1422 1724 accedere,
1456 1675 1555 1718 hinc
1590 1678 1674 1719 iam

204 1745 298 1787 satis
333 1742 547 1798 probabile
584 1742 769 1804 videtur,
805 1753 878 1780 eos
915 1739 1101 1786 tandem,
1122 1750 1401 1780 veruntamen
1426 1740 1546 1782 valde
1568 1741 1673 1793 sero,

202 1811 368 1865 penitus
410 1807 669 1848 euanescere
675 1836 686 1856 ,
731 1806 851 1859 quod
888 1816 1031 1846 autem
1068 1803 1123 1845 ob
1156 1803 1366 1846 defectum
1401 1804 1674 1848 subsidiorum

204 1873 351 1916 calculi
387 1873 576 1913 nondum
613 1869 788 1913 definire
820 1870 935 1912 licet

396 2007 429 2055 §·
471 2017 541 2046 10.
609 1998 746 2045 Simili
787 2004 918 2046 modo
952 2003 1267 2059 propemodum
1302 2014 1367 2044 res
1402 2003 1441 2043 se
1476 2000 1602 2043 habet
1629 2003 1672 2044 in

204 2069 330 2110 altera
364 2068 512 2124 figura,
549 2083 660 2123 quae¹
692 2069 819 2123 ipsam
857 2069 1078 2111 columnae
1115 2068 1293 2123 figuram
1330 2066 1484 2108 referre
1508 2067 1675 2108 censen-

203 2135 254 2178 da
304 2134 389 2186 estu,
435 2135 527 2175 -vbi
565 2134 613 2174 ab
635 2169 638 2170 γ
660 2135 783 2182 initio
818 2144 933 2185 tzo
972 2133 1202 2190 applicatae
1238 2131 1371 2173 subito
1405 2129 1671 2182 increscunt,

202 2211 335 2253 §nsque
370 2200 419 2240 ad
453 2200 686 2243 terminum
723 2201 892 2249 circiter
928 2209 998 2242 t:
1021 2207 1043 2244 8
1065 2229 1083 2251 ,η
1129 2196 1442 2252 νὺὶώιρρϋεειτει
1467 2195 1672 2251 ‚fingulari

208 2279 214 2284 ·
1586 2261 1670 2303 cal-
