1835 2553
539 177 654 229 »ἓξ
714 174 729 232 )
774 171 914 232 261(
976 174 1091 225 &203⁴-

1355 291 1424 334 011.
1472 288 1544 336 lin.

85 358 306 402 Diameter
339 358 446 396 inter
481 352 684 408 angulum,
721 352 964 399 inferiorem
1010 351 1172 399 sinuum
1208 352 1264 393 la·
1326 306 1349 347 p

275 419 519 471 etym-alium
570 419 611 458 ὃς
663 416 862 456 canthum
923 419 1174 458 anteriorem
1220 430 1263 457 0-

272 484 353 526 culi
375 511 380 516 ·
502 504 520 510 -
685 504 704 513 -
869 502 890 510 -
1060 501 1081 510 -
1347 507 1390 514 -
1473 497 1526 528 10

87 548 290 590 Distantia
323 547 432 587 inter
466 546 578 586 bases
609 558 837 585 cornuum
851 545 1012 585 interne
1110 567 1132 577 ·
1248 565 1268 574 ·
1348 571 1390 577 —
1502 563 1533 599 4

88 613 290 654 Distantia
324 611 433 650 inter
466 610 580 650 bases
616 622 822 648 cornuum
859 620 1035 649 externe
1248 630 1268 638 -
1387 625 1409 650 2
1446 584 1454 709 ι
1506 620 1541 654 g,

88 675 290 718 Distantia
325 675 433 714 inter
467 687 625 713 cornua
661 673 847 712 maxima
976 695 997 703 -
1249 696 1267 704 -
1386 689 1413 725 -7
1501 697 1546 706 -.

88 739 295 780 Distantia
329 740 440 778 inter
477 739 610 790 apices
646 749 853 777 cornuum
1017 757 1036 767 -
1143 632 1307 839 Σ-ὶ
1389 745 1415 778 6
1504 743 1534 779 6

90 801 334 854 Longitudo
368 813 578 841 cornuum
612 801 654 838 in
689 800 798 838 linea
832 799 942 840 recta
1090 821 1116 831 ι
1256 824 1275 831 -
1361 816 1412 843 11
1503 817 1536 854 4

91 865 334 917 Longitudo
369 877 573 904 cornuum
607 865 648 902 in
684 863 791 901 linea
825 875 952 903 curua
986 865 1122 903 antica
1253 885 1273 892 -
1301 844 1310 971 ί
1361 880 1414 916 13
1505 870 1543 907 6

93 928 335 981 Longitudo
369 929 496 980 apicis
531 927 654 966 lacus
687 938 894 966 cornuum
1052 947 1071 955 -
1254 948 1273 957 -
1393 942 1415 967 2
1503 940 1551 982 4·

93 991 337 1043 Peripheria
370 991 516 1043 capitis
553 1003 650 1030 ante
686 1001 842 1029 cornua
1256 1011 1275 1019 -
1363 1005 1414 1042 15
1503 1015 1548 1027 -..

95 1054 335 1105 Longitudo
370 1054 644 1092 auricularum
682 1067 704 1092 a
740 1054 897 1092 vertice
932 1053 981 1092 ad
1017 1053 1182 1105 apicem
1163 975 1311 1100 -1
1396 1069 1416 1104 5
1510 1070 1537 1096 2

92 1117 295 1158 Distantia
326 1116 434 1154 inter
466 1114 577 1155 bases
611 1116 889 1155 auriculamm
1260 1138 1279 1144 -
1397 1133 1419 1168 3
1506 1141 1549 1153 ...-

89 1178 331 1232 Longitudo
367 1178 464 1219 colli
501 1194 522 1219 a
557 1180 651 1231 gula
686 1180 842 1218 inflexa
875 1180 923 1218 ad
960 1179 1084 1218 sterni
1119 1188 1242 1233 caput
1367 1197 1422 1224 10
1507 1206 1552 1218 ..-

95 1241 451 1283 circumferentia
485 1242 581 1281 colli
617 1242 664 1280 ad
703 1242 846 1293 gulam
938 1263 958 1271 -
1107 1262 1127 1271 -
1263 1263 1282 1270 -
1367 1259 1418 1295 15
1509 1267 1553 1278 -..

94 1304 450 1348 Ciicumferentia
485 1304 581 1343 colli
617 1304 665 1343 ad
702 1305 883 1344 sternum
1036 1329 1055 1335 -
1259 1238 1315 1362 -1
1367 1322 1422 1361 17
1508 1332 1552 1343 ..-

94 1369 175 1411 Di
171 1378 316 1407 meter
350 1368 704 1420 perpendicularis
742 1367 839 1408 colli
874 1368 916 1407 in
952 1369 1095 1409 medio
1262 1365 1312 1493 -Ι
1397 1387 1419 1425 5
1452 1366 1461 1489 Ι
1511 1378 1542 1414 6

96 1430 446 1474 Circumferentia
483 1432 668 1484 corporis
703 1444 812 1484 pone
848 1433 973 1485 pedes
1010 1433 1172 1473 anticos
1260 1455 1278 1464 -
1365 1450 1421 1485 27
1512 1441 1542 1478 6

94 1496 257 1537 Eadem
294 1495 341 1533 ad
376 1496 608 1547 processum
643 1495 938 1548 xyphoideum
1091 1519 1109 1527 ·
1260 1518 1280 1525 -
1365 1514 1420 1550 29
1508 1525 1552 1533 -

98 1555 261 1600 Eadem
295 1568 390 1597 ante
424 1559 545 1611 pedes
581 1560 760 1612 posticos
914 1583 942 1590 -·
1092 1582 1112 1589 -
1262 1496 1315 1622 -‘
1366 1576 1420 1614 25
1513 1567 1543 1604 6

98 1621 322 1663 Diameter
369 1623 718 1675 perpendicularis
771 1624 960 1678 corporis
1013 1625 1063 1665 ad
1115 1623 1276 1677 apicem

287 1685 410 1725 sterni
553 1707 574 1715 —
723 1711 742 1717 -
1264 1626 1314 1755 -ι
1370 1706 1420 1733 11

102 1749 341 1802 Longitudo
391 1749 566 1789 caudae
578 1750 627 1790 ab
663 1764 744 1792 ano
788 1753 838 1792 ad
884 1753 1047 1807 apicem
1081 1751 1173 1792 offis
1209 1765 1279 1791 co-

261 1814 412 1865 xygis
599 1834 621 1845 -
682 1838 686 1842 .
826 1840 845 1845 -
891 1844 893 1847 .
1049 1840 1066 1845 -
1400 1715 1555 1885 71-
1513 1834 1545 1873 4

104 1849 345 1930 Longitildo
394 1875 576 1918 eiusdem
622 1880 672 1920 ad
716 1881 879 1934 apicem
938 1881 1124 1935 pilorum
1176 1880 1284 1920 exti-

294 1952 460 1979 morum
650 1967 668 1976 ·
857 1968 876 1975 -
1066 1968 1084 1973 -
1268 1969 1286 1974 -
1312 1889 1320 2019 1
1399 1963 1426 1997 9
1461 1891 1470 2018 ¹
1518 1952 1548 1988 6

106 2003 347 2057 Longitudo
382 2017 404 2042 a
439 2005 571 2056 capite
605 2007 725 2048 sterni
761 2010 810 2049 ad
848 2009 1009 2061 apicem
1131 2031 1150 2039 -
1268 2032 1284 2038 -
1375 2024 1425 2050 11
1514 2034 1559 2043 —-

107 2067 348 2120 longitudo
383 2066 431 2106 ab
466 2068 583 2120 apice
617 2072 736 2112 sterni
772 2073 821 2112 ad
856 2072 1118 2126 praeputium
1186 2095 1206 2101 -
1269 2091 1286 2099 —
1402 2086 1429 2123 7
1515 2097 1559 2106 -.

107 2131 348 2185 Longitudo
383 2144 406 2170 a
438 2135 659 2184 praeputio
693 2137 743 2176 ad
777 2137 930 2176 lineam
974 2135 1283 2176 transuersalem

293 2194 564 2235 mammalem
707 2219 726 2230 -·
912 2222 931 2228 -
1119 2217 1140 2256 ἶ
1268 2222 1289 2226 -
1313 2151 1325 2257 x
1407 2215 1430 2242 2
1519 2217 1548 2254 9

833 2267 874 2308 Κ
890 2267 917 2308 k
954 2281 978 2316 3
1406 2273 1567 2327 Longi·
