1835 2553
681 175 794 225 waste
859 169 1051 228 >344(

232 292 368 324 metae
417 282 463 321 ad
515 283 668 335 septem
707 296 835 336 vsque
872 297 998 324 annos
1035 286 1237 337 assurgat,
1291 283 1377 324 fieri
1414 298 1675 338 nequaquam

231 348 355 399 posse.
393 355 438 384 vt
474 343 620 386 omnes
656 346 964 388 obseruationes
1001 349 1175 388 secunda
1212 347 1411 389 Cometae
1448 350 1674 401 apparitio-

226 422 277 449 ne
313 409 532 456 institutae,
571 422 666 449 cum
704 411 879 450 veritate
915 412 1199 459 consentiant,
1253 422 1293 451 et
1333 413 1445 451 iuter
1481 412 1567 451 illas
1605 412 1677 452 sal-

226 483 312 512 tem
364 472 578 512 nonnullas
624 485 875 522 occurrere,
928 487 1033 526 quae
1068 476 1225 528 septem
1264 476 1434 514 minutis
1471 476 1615 527 primis
1652 489 1675 516 a

221 547 327 575 vero
363 536 567 585 aberrant,
607 537 719 588 quod
755 536 912 576 scilicet
945 537 1020 576 fiet
1055 550 1151 577 cum
1187 537 1471 578 obseruatione
1504 539 1568 579 die
1618 551 1672 577 12

227 601 341 651 Aug.
379 598 495 642 faeta,
531 600 629 639 dum
668 599 888 640 Elementa
923 611 1201 652 quaeruntur,
1238 614 1340 653 quae
1375 602 1677 641 obseruationi-

221 662 313 702 bus'
347 662 506 702 dierum
547 675 570 700 2
610 662 717 715 Aug.
757 675 811 712 29
848 662 959 714 Aug.
1011 674 1052 702 et
1093 676 1111 701 1
1155 662 1306 704 Ostob.
1361 666 1525 717 penitus
1577 677 1676 716 qua-

221 725 354 765 drant.
431 725 500 765 Ex
536 725 618 777 ipsa
651 738 758 765 vero
794 727 855 766 rei
892 725 1064 774 indole,
1116 726 1234 766 facile
1269 726 1504 778 colligitur,
1557 727 1672 779 quod

217 788 246 829 fi
283 796 465 841 quatuor
499 788 593 827 istae
629 787 1089 841 obseruationes,'quas
1125 789 1192 828 hic
1223 789 1497 843 contemplati
1523 790 1674 838 sumus,

223 852 272 891 ad
308 851 547 892 consensum
586 852 693 892 inter
729 851 769 892 se
803 853 936 905 redigi
973 864 1057 892 non
1095 855 1330 905 potuerint,
1364 861 1404 892 et
1423 852 1607 905 quidem,
1643 851 1673 892 si

220 916 399 963 eueniat,
445 924 490 954 vt
524 915 693 967 prima,
730 916 851 956 tertia
886 926 926 955 et
961 925 1106 967 quarta
1141 929 1236 956 cum
1274 915 1500 957 Elementis
1536 915 1675 956 conci-

221 978 400 1026 liantur,
435 978 474 1016 in
512 979 687 1019 secunda
722 988 861 1018 autem
897 979 1101 1031 quispiam
1141 980 1369 1032 reperiatur
1405 991 1546 1026 error,
1584 989 1674 1018 tum

217 1042 353 1081 multo
389 1041 569 1080 maiores
607 1042 844 1093 prodituros
879 1042 968 1080 fore
1005 1054 1179 1089 errores,
1216 1042 1242 1080 si
1276 1042 1340 1081 vel
1369 1041 1675 1081 obseruationes

219 1103 370 1158 prima,
397 1101 580 1143 'secunda
615 1113 656 1142 et
691 1104 811 1142 tertia
846 1116 940 1143 cum
977 1103 1207 1143 Elementis
1247 1105 1515 1150 consentiant,
1553 1116 1673 1155 quar-

222 1177 264 1206 ta
298 1166 571 1216 discrepante,
600 1163 674 1205 'vel
710 1165 924 1204 consensus
962 1165 1297 1205 obseruationum
1342 1166 1553 1212 secundae,
1592 1174 1673 1204 ter-

174 1224 183 1232 ”
222 1229 304 1267 tiae
343 1235 384 1265 et
419 1234 588 1277 quartae
624 1238 720 1265 cum
756 1226 987 1266 Elementis
1011 1225 1259 1274 obtineatur,
1289 1227 1574 1266 obseruatione
1594 1227 1674 1278 pti-

220 1303 291 1331 ma
335 1289 618 1341 discrepante3
664 1301 762 1329 nam
816 1289 1055 1329 consensum
1109 1288 1443 1329 obseruationum
1496 1289 1676 1341 primae,

221 1352 420 1393 secundae
455 1361 497 1391 et
531 1362 702 1404 quartae
738 1364 834 1392 cum
869 1352 1016 1391 iisdem
1054 1351 1284 1392 Elementis
1319 1364 1370 1392 ne
1404 1352 1446 1392 in
1471 1351 1672 1408 potestate

224 1415 396 1471 quidem
432 1414 523 1465 effe,
559 1415 641 1457 iam
679 1415 796 1472 supra
830 1415 1094 1458 ostendimus.

415 1545 446 1591 ξ.
487 1552 558 1586 28.
625 1543 668 1593 Si
706 1545 830 1597 igitur
864 1544 969 1584 hanc
1006 1541 1335 1595 disquisitionem
1372 1543 1542 1584 vlterius
1579 1555 1675 1596 pro-

227 1606 340 1660 sequi
375 1606 566 1655 velimus,
603 1607 751 1648 sufficit
786 1619 845 1656 vt,
882 1619 958 1660 pro
992 1607 1140 1645 maiori
1173 1607 1306 1647 adhuc
1342 1607 1568 1660 Temporis
1608 1606 1678 1647 Pe-

226 1670 376 1709 riodici
415 1670 687 1721 incremento,
725 1682 971 1724 quaeramus
1007 1669 1240 1716 Elementa,
1276 1684 1380 1723 quae
1417 1683 1511 1710 cum
1537 1661 1699 1709 obser-¹

225 1733 463 1773 vationibus
497 1734 645 1786 prima,
682 1736 802 1775 tertia
836 1743 878 1774 et
912 1726 1056 1785 quarta
1092 1734 1360 1782 consentiant,
1404 1744 1577 1787 tumque
1616 1733 1678 1772 in-

225 1796 475 1849 vestigemus
497 1826 507 1844 ,
560 1808 737 1848 quantus
770 1797 961 1837 diffensus
998 1795 1103 1834 inter
1139 1796 1235 1837 haec
1274 1797 1495 1839 Elementa
1530 1805 1570 1835 et
1605 1794 1678 1835 ob-

227 1858 503 1900 seruationem
541 1861 762 1905 secundam
799 1860 1038 1913 reperiatur.
1125 1859 1234 1900 Hinc
1271 1861 1297 1900 fi
1335 1872 1537 1915 ponamus
1573 1870 1679 1898 tem-

226 1934 304 1976 pus
341 1921 604 1962 Periodicum
647 1933 667 1967 8
709 1923 962 1969 Annorum,
1015 1934 1091 1974 pro
1138 1922 1366 1964 lilementis
1410 1922 1569 1964 orbitae
1605 1921 1676 1961 has

227 1987 533 2038 consequemur
602 1979 964 2027 determinationes
1000 1998 1007 2022 :
1093 1983 1439 2039 Semiparameter
1516 1985 1678 2025 orbitae

225 2062 281 2088 Ξ
307 2063 346 2095 1,
369 2057 614 2101 25892553
664 2052 849 2103 Tempus
885 2048 1074 2088 Perilielii
1111 2049 1219 2100 Aug.
1262 2063 1330 2100 17,
1356 2060 1499 2100 23003
1551 2048 1679 2088 Elon-

228 2112 343 2164 gatio
382 2112 573 2152 Perihelii
609 2127 629 2152 a
662 2112 791 2153 Nodo
828 2113 929 2152 desc.
952 2114 1114 2160 2:47⁰.
1137 2114 1216 2169 32¹.
1238 2113 1302 2163 4¹¹,
1339 2115 1540 2154 existente
1567 2112 1678 2152 Lon-

230 2174 416 2226 gitudine
451 2175 567 2216 Nodi
603 2175 698 2217 Asc.
746 2186 793 2216 vt
836 2177 878 2215 in
924 2175 1197 2228 superioribus
1232 2181 1361 2230 :4³·
1384 2191 1436 2218 12
1462 2208 1469 2216 .
1492 2174 1542 2215 0¹.
1614 2174 1680 2213 Fx

1617 2236 1680 2276 his
