1835 2553
547 195 660 246 »ἐξ
726 190 917 252 )2s⁵(
983 192 1097 244 &teg-

94 323 179 352 non
216 308 426 350 altissimos
461 318 649 356 monta,
692 306 757 346 sed
797 316 960 348 tantum
998 307 1092 347 loca
1128 307 1393 349 submontosa
1431 303 1575 358 sylva-

96 378 200 424 tica‚
235 384 281 414 vt
317 370 447 413 Cervi
482 371 634 420 solent,
687 383 880 426 occupet.
968 370 1033 411 De
1069 372 1240 425 reliquis
1291 372 1538 424 synonymis
1554 400 1575 418 ,,

97 453 202 494 quae
256 438 392 479 minus
445 436 612 490 proprie
648 434 696 474 ad
733 450 800 477 me
836 437 1071 491 pertinent,
1123 450 1174 476 eo
1212 437 1417 478 lubentius
1453 446 1569 474 tace·

98 518 191 553 am,
244 514 338 542 cum
374 502 456 541 iam
503 513 606 554 opus
651 502 864 554 egregium
919 500 1169 541 meritiffimi
1221 498 1570 554 Gottingensium·

96 565 363 625 professoris,
399 574 664 619 praematura
698 564 829 605 eheu!
884 576 1022 605 morte
1058 565 1149 605 orbi
1183 566 1371 607 litterato
1407 574 1539 615 erepti
1554 592 1592 611 r>

97 630 317 676 Erxlebeni
361 629 485 680 claffis
531 628 1172 682 mammolium,locup1etiffima
1207 629 1458 682 synonymia
1494 626 1567 666 ab·

99 697 257 737 vndans
309 694 470 741 exstet,
517 691 629 745 quod
676 693 826 733 curiosi
872 695 999 733 etiam
1035 696 1078 734 in
1113 693 1372 750 Antilopum
1409 703 1566 748 genere

99 772 197 802 cnm
232 757 524 800 emolumento
560 754 788 796 consulent.

285 884 424 926 Patria
480 883 703 937 Antilopes
755 881 1068 936 subgutturofae
1122 882 1257 924 Perfia
1301 884 1371 925 est.
1452 879 1576 923 Inter·

101 963 215 994 mare
265 949 447 1004 caspium
485 949 526 988 δε
561 949 727 1002 nigrum
773 946 1101 999 septentrionem
1156 947 1294 988 versus
1349 947 1479 1000 vsque
1514 944 1565 985 ad

101 1016 251 1070 pedem
303 1012 523 1053 australem
575 1011 862 1066 promontorii
907 1011 992 1063 iugi
1036 1010 1165 1063 alpini
1218 1011 1439 1060 cananei,
1489 1010 1568 1049 vix

100 1078 208 1119 vltra
247 1077 424 1129 gradum
468 1076 697 1116 latitudinis
735 1087 794 1124 42
832 1073 1035 1126 procedit.
1128 1073 1194 1113 Ad
1231 1071 1396 1126 Cyrum
1443 1073 1571 1112 fluui-

98 1152 168 1181 um
214 1139 264 1178 ab
308 1138 414 1178 ostio
474 1139 602 1192 Vsque
649 1138 699 1177 ad
752 1137 934 1178 confinia
986 1138 1235 1192 metropolis
1287 1137 1567 1192 georgicanae

94 1203 221 1255 'Ieflis
256 1203 296 1242 in
331 1204 488 1256 campis
525 1202 702 1256 apriciS‚
738 1203 778 1241 &
815 1202 969 1254 planis,
1023 1203 1064 1241 &
1102 1202 1276 1241 collibus
1312 1201 1470 1249 obfitis,
1505 1201 1568 1241 sat

97 1265 289 1318 frequens
324 1266 405 1313 est,
440 1266 574 1317 syluas
609 1265 788 1304 omnino
823 1264 1032 1317 respuens.
1108 1264 1176 1305 Ex
1212 1264 1338 1304 variis
1374 1264 1570 1305 traditio-

100 1330 221 1370 nibus
274 1329 438 1381 accepi,
488 1329 666 1368 eandem
711 1327 977 1368 occidentem
1023 1327 1162 1368 versus
1198 1330 1326 1381 vsque
1362 1329 1411 1368 ad
1449 1324 1570 1368 Con-

100 1392 423 1446 stantinopolin,
466 1393 645 1433 austrum
681 1393 818 1432 versus
853 1404 987 1445 vsque-
1019 1391 1069 1432 ad
1104 1391 1380 1446 lfpahanum‚
1426 1392 1574 1433 orien-

103 1467 274 1510 temque
311 1456 450 1497 versus
484 1458 610 1510 vsque
645 1456 694 1496 ad
731 1454 985 1497 Buchariam
1022 1469 1172 1498 omnes
1221 1459 1414 1511 regiones
1458 1456 1573 1510 apri-

104 1533 170 1563 cas
207 1533 423 1574 occupare.
499 1517 716 1573 Gregatim
749 1520 908 1560 incedit
943 1523 1130 1575 1emper,
1182 1521 1394 1562 celerrimi
1429 1519 1572 1560 cursus

106 1585 337 1627 terrefac'ta.
383 1584 485 1625 'Per
518 1583 748 1638 sclopetum
782 1595 836 1624 ex
871 1584 1026 1625 insidiis
1073 1584 1203 1639 vulgo
1236 1598 1312 1641 per
1345 1594 1572 1626 venatores

107 1649 325 1691 occiditur.
409 1646 534 1690 Odor
567 1648 754 1690 animalis
787 1659 982 1690 recenter
1018 1649 1177 1690 mortui
1221 1649 1368 1691 nullus.
1456 1644 1573 1689 Caro

106 1713 267 1767 sapida,
318 1715 520 1766 expetita.
601 1712 687 1754 Pro
736 1713 889 1768 pabulo
932 1713 1004 1754 fibi
1051 1713 1167 1767 eligit
1220 1714 1369 1755 herbas
1406 1723 1572 1754 aroma-

109 1778 238 1827 ticas,
288 1777 581 1826 amaricantes,
617 1778 857 1832 praesertim
895 1777 1167 1819 Abfinthium
1202 1778 1449 1834 ponticum,
1484 1787 1574 1829 quo

109 1854 259 1882 rumen
294 1840 504 1895 repletum
538 1843 695 1887 inueni.
761 1842 875 1883 Parit
911 1856 985 1897 per
1017 1843 1210 1893 Maium,
1247 1842 1344 1884 teste
1385 1839 1574 1882 haedillo

110 1916 317 1955 neonato,
372 1917 498 1957 quem
541 1908 684 1948 medio
727 1906 837 1950 Maii
877 1908 989 1951 circa
1042 1907 1292 1961 Teflisium,
1344 1906 1573 1949 hominum

111 1969 303 2013 manibus
337 1979 530 2027 captum,
570 1970 747 2014 obtinui.

1306 2270 1577 2322 DESCRIP-
