1835 2553
669 169 784 221 »aas
849 165 864 225 )
902 180 990 223 240
1026 165 1042 226 (
1106 169 1221 221 ἓῖεξω

219 280 323 331 esse;
372 285 412 319 et
447 284 641 320 naturam
677 291 778 332 ergo
812 293 897 323 non
934 282 1035 324 adeo
1071 294 1204 336 vsque
1239 281 1398 322 solitam
1436 293 1531 322 eam
1566 280 1672 324 diui-

217 342 377 383 sionem
413 354 582 393 curare,
616 352 666 384 vt
701 342 745 383 in
779 345 973 387 omnibus
1010 345 1254 387 animalibus
1291 346 1541 387 inueniatur.

405 469 623 520 Tunicae,
676 471 825 524 quibus
870 472 1032 524 tigridis
1067 470 1243 511 veficula
1278 472 1464 521 constat,
1516 471 1674 525 pariter

218 542 346 587 atque
379 533 597 583 leoninae,
642 547 739 574 cum
774 535 822 575 iis
857 535 1035 574 omnino
1069 547 1269 584 nurnero,
1306 546 1474 584 natura,
1510 536 1673 585 ordine,

217 598 490 647 conueniunt,
528 597 674 651 quibus
709 597 895 639 humana
929 596 1122 637 efficitur.
1188 596 1339 652 Neque
1373 599 1531 648 dubito,
1569 600 1671 652 q'uin

214 661 259 700 in
299 661 494 702 omnibus
544 660 787 701 animalibus
840 660 1172 714 quadrupedibus
1225 661 1421 702 vesiculae
1473 662 1670 703 similibus

215 724 293 764 fint
329 724 579 777 compositae
616 725 779 764 tunicis.
847 724 943 763 Hoc
978 722 1110 763 solum
1146 725 1310 775 vtrique
1332 755 1341 771 ,
1376 726 1507 765 leonis
1544 737 1586 766 et
1621 726 1672 764 ti-

214 788 358 842 gridis,
394 786 598 827 vesiculae
634 800 734 840 prae
769 787 955 828 humana
989 797 1030 826 et
1065 796 1341 835 caeterorum,
1363 788 1403 826 ni
1433 783 1673 836 fa·llor,'ani-

214 851 394 892 malium
428 850 617 890 veficulis
654 851 859 903 peculiare
895 851 966 898 est,
1001 859 1050 890 vt
1084 851 1210 890 variis
1245 851 1286 889 in
1317 850 1489 897 sedibus,
1525 852 1677 904 impri-

213 917 294 956 mis
330 916 373 954 in
409 922 526 968 parte
561 914 782 968 posteriori
805 944 816 964 ,
867 914 977 954 intus
1020 913 1199 966 plicata,
1252 917 1416 954 tunicae
1453 916 1673 955 interiores

212 980 329 1019 varie
366 978 414 1018 ab
451 977 733 1017 exterioribus
769 978 957 1017 secedant
992 977 1290 1029 interstitiaque
1333 977 1528 1028 efficiant,
1563 991 1672 1032 quae

212 1042 338 1080 densa
365 1042 552 1091 duraque
587 1040 781 1080 cellulosa
816 1041 1041 1093 replentur.
1111 1039 1223 1078 Hinc
1259 1041 1459 1081 vesiculae
1494 1043 1673 1083 substan-

213 1106 287 1153 tia,
321 1103 532 1159 imprimis
566 1101 774 1151 leoninae,
810 1104 852 1145 in
888 1116 969 1156 qua
998 1103 1160 1143 tunicae
1180 1112 1220 1141 et
1239 1100 1493 1155 frequentius
1515 1113 1556 1143 et
1579 1105 1673 1145 lon-

213 1168 306 1220 gius
342 1181 364 1208 a
399 1166 437 1206 se
472 1165 658 1205 inuicem
704 1166 929 1213 secedunt,
980 1175 1061 1204 tres
1106 1165 1247 1217 paffim
1293 1175 1333 1204 et
1368 1176 1549 1218 quatuor
1581 1167 1670 1207 imo

213 1239 259 1269 et
312 1229 497 1280 quinque
549 1224 677 1265 lineas
729 1228 853 1266 craffa
898 1226 1126 1266 inuenitur.
1193 1226 1240 1264 ln
1277 1226 1461 1266 humana
1495 1228 1673 1269 veficula

214 1292 382 1332 tunicae
414 1289 568 1342 vbique
604 1288 676 1329 fibi
712 1289 930 1342 parallelae
951 1319 961 1338 ,
1012 1288 1167 1340 vbique
1202 1287 1274 1327 fibi
1309 1290 1529 1342 contiguae
1564 1291 1672 1341 sunt,

214 1365 258 1397 et
291 1352 481 1397 vniuersa
514 1352 701 1396 veficula
735 1351 887 1410 vbique
922 1353 1074 1403 tenuis,
1109 1350 1263 1405 vbique
1298 1353 1489 1407 aequalis·

401 1482 537 1523 Incisa
570 1481 750 1523 vesicula
784 1480 905 1522 fellea
940 1480 1099 1534 tigridis
1119 1508 1130 1528 ‚
1174 1474 1344 1534 partem*
1374 1480 1669 1533 posteriorem,

212 1544 408 1587 leoninae
443 1544 677 1598 analogam,
710 1558 758 1584 ea
793 1553 933 1584 tamen
969 1545 1194 1591 minorem,
1230 1543 1395 1597 plenam
1431 1546 1570 1597 reperi
1592 1545 1673 1598 pli-

213 1611 286 1660 cis,
322 1609 460 1650 variae
494 1607 651 1661 figurae
683 1616 729 1648 et
759 1608 1072 1662 magnitudinis,
1108 1606 1342 1660 finibusque
1370 1617 1413 1647 et
1439 1608 1670 1659 recessibus,

151 1691 153 1694 ·
212 1674 354 1714 variae
388 1672 546 1726 pariter
580 1671 745 1713 indolis.
813 1669 1062 1712 Generatim
1100 1681 1141 1711 et
1175 1671 1307 1723 plicae
1331 1679 1372 1710 et
1390 1672 1562 1711 recess‘us
1582 1685 1672 1712 ma-

212 1737 328 1778 iores
363 1736 500 1777 multo
533 1735 577 1776 in
611 1735 747 1784 leone,
782 1735 825 1774 in
862 1735 1010 1789 tigride
1046 1734 1182 1775 multo
1209 1735 1390 1775 minores
1411 1734 1525 1786 sunt,
1558 1735 1670 1775 fimi-

213 1801 351 1841 litudo
386 1808 529 1850 autem
565 1798 760 1853 insignis,
795 1798 1004 1854 imprimis
1041 1798 1154 1839 inter
1186 1799 1315 1854 plicas
1349 1798 1564 1853 vtriusque
1598 1811 1671 1840 ve-

211 1864 361 1907 siculae
397 1862 632 1903 intercedit.
1202 1861 1205 1863 '

404 1986 593 2028 Primum
645 2000 747 2041 ergo
796 1987 839 2027 in
889 1988 1098 2042 postrema
1141 1988 1344 2030 vesiculae
1378 2001 1506 2043 eaque
1541 1999 1669 2040 angu-

214 2051 378 2093 stiffima
420 2060 567 2105 parte,
626 2062 805 2111 quaex
839 2052 963 2092 dudiu
999 2054 1265 2093 continuatur
1299 2054 1485 2104 cystico,
1535 2050 1666 2113 moles

216 2117 422 2157 continuo
457 2123 629 2169 apparet
664 2114 866 2169 plicarum
903 2116 1476 2169 conglomeratarum,'quae
1512 2114 1669 2154 cauita-

216 2187 306 2221 tem
355 2179 443 2221 fere
485 2177 689 2222 vesiculae
722 2178 766 2225 in
799 2178 876 2226 hac
904 2180 1004 2223 ,sede
1039 2189 1229 2236 occupat.
1254 2178 1487 2239 *lilndicaui
1520 2178 1563 2217 in
1598 2176 1670 2223 de-

1311 2237 1314 2240 ’
1352 2237 1355 2240 ’
1570 2237 1666 2279 scri-
