1835 2553
633 126 748 177 ·>503{
814 118 1009 179 )1⁵3(
1074 123 1187 171 2323·-

166 240 306 283 sumto
341 246 481 280 autem
519 246 604 279 t:
625 247 666 287 7,
692 247 764 285 50,
801 236 961 284 summa
997 235 1152 289 prodiit
1180 233 1356 288 pofitiua
1383 244 1630 287 :0.0318,

166 306 279 346 vnde
342 302 646 351 concludimus,
699 312 847 340 verum
893 300 1083 341 valorem
1140 312 1298 353 primae
1351 302 1499 341 radicis
1551 302 1629 342 esse

168 379 255 409 t:
276 378 319 418 7,
344 375 446 418 840,
481 367 547 407 cui
583 365 625 405 in
660 377 789 406 curua
824 363 1076 418 respondere
1108 364 1232 404 debet
1268 365 1474 419 applicata
1494 366 1631 407 maxi-

169 446 251 474 ma.
319 430 497 478 Deinde,
515 429 612 483 quia
648 440 704 470 ex
737 426 871 483 figura
907 428 1107 482 colligere
1143 427 1260 476 hcet,
1300 432 1467 481 tequens
1505 430 1632 469 mini-

167 509 286 538 mum
321 494 470 535 cadere
503 495 615 534 inter
651 502 737 534 t:
759 505 816 542 50
853 503 895 534 et
930 502 1019 534 t:
1041 492 1326 538 60,instituto
1361 494 1520 533 calculo
1554 506 1631 547 pro

167 570 185 602 t
203 573 258 602 z
278 563 352 607 60,
386 558 547 612 prodiit
565 557 730 600 summa
763 557 879 598 ieriei
915 569 929 597 t
950 564 1048 603 :4
1065 569 1109 604 0,
1135 570 1278 607 1144:
1315 567 1356 596 at
1384 571 1462 611 pro
1484 569 1552 598 t:
1577 569 1632 605 50

165 623 325 678 prodiit
358 622 519 664 summa
552 632 731 669 z—0‚
757 630 873 670 1791
900 633 912 673 3
946 622 1059 662 vnde
1095 631 1186 662 tuto
1222 621 1477 670 concludere
1512 622 1624 670 licet,

165 687 302 742 ipsum
337 686 567 728 minimum
602 684 855 738 respondere
888 684 1076 726 absciffae
1111 694 1200 726 t:
1224 689 1298 735 56,
1324 698 1393 726 10.

354 814 388 863 §-
429 825 500 864 ις.
568 811 654 854 Pro
707 810 901 866 sequente
955 812 1148 854 maximo
1198 812 1387 860 eruendo
1431 814 1633 855 faciamus

166 879 370 923 calculum
406 890 486 932 pro
520 875 685 918 absciffa
719 884 810 916 t:
835 886 923 923 150
944 904 955 923 ‚
996 874 1181 928 hincque
1216 874 1336 915 seriei
1373 875 1533 918 summa
1568 891 1634 918 re-

164 944 337 1000 peritur
375 944 552 988 :-Q‚
576 950 736 989 02443
797 947 840 978 at
889 950 1008 988 vero,
1044 938 1183 979 sumto
1233 946 1322 978 t:
1348 951 1450 993 145,
1489 942 1634 994 prodit

163 1015 291 1056 -ι-ο,
312 1007 460 1055 27363
496 1002 608 1043 vnde
642 1000 938 1051 concluditur,
990 1003 1229 1043 maximum
1264 1002 1370 1042 istud
1406 1005 1634 1045 conuenire

161 1081 259 1112 cum
293 1077 310 1108 t
332 1082 387 1109 z
412 1079 516 1117 149,
539 1077 611 1116 59.
648 1063 790 1106 Nimis
827 1074 968 1108 autem
1003 1065 1231 1122 operosum
1268 1066 1378 1108 foret
1408 1067 1529 1121 istum
1550 1068 1637 1108 cal·

160 1133 305 1176 culum
358 1130 534 1172 vlterius
579 1128 806 1185 prosequi;
854 1141 1008 1172 verum
1045 1131 1130 1185 ipsa
1164 1130 1362 1184 aequatio
1399 1131 1634 1187 suppeditat

160 1206 318 1239 certam
369 1195 611 1242 rationem,
663 1193 881 1247 sequentes
933 1194 1097 1236 valores
1143 1192 1266 1248 ipsius
1302 1204 1318 1235 t
1355 1195 1446 1236 satis
1483 1198 1634 1237 exacte

160 1258 399 1312 colligendi.
468 1254 583 1299 Cum
634 1259 751 1298 enim
803 1258 1064 1311 aequationis
1109 1257 1309 1299 secundus
1345 1262 1550 1301 terminus
1586 1261 1636 1302 fit

160 1330 245 1372 ξε,
291 1330 436 1376 patet,
470 1320 496 1361 fi
532 1320 675 1361 literae
709 1334 760 1370 α,
793 1321 844 1376 β,
879 1335 933 1376 v,
966 1319 1010 1371 δ,
1044 1322 1251 1364 denotent
1285 1335 1435 1365 omnes
1471 1325 1631 1366 radices

162 1387 287 1442 ipfius
323 1395 355 1435 t,
390 1394 481 1425 tum
515 1384 739 1426 necessario
773 1383 857 1425 effe
887 1384 1038 1427 debere
1072 1376 1633 1446 2÷343÷3÷et02gss

162 1451 380 1492 Praeterea
414 1461 516 1489 vero
553 1449 738 1489 rationes
777 1460 862 1489 non
897 1449 1075 1499 desunt,
1111 1451 1225 1503 quod
1258 1450 1355 1490 istae
1393 1452 1554 1492 radices
1590 1468 1633 1501 α,

164 1518 207 1573 β,
241 1529 293 1570 γ,
327 1509 364 1562 δ,
401 1511 626 1553 secundum
660 1511 798 1565 legem
836 1513 928 1553 satis
963 1513 1196 1567 ssmplicem
1234 1514 1557 1566 progrediantur
1586 1524 1630 1556 et

164 1590 308 1620 earum
342 1575 595 1618 differentiae
631 1575 831 1616 secundae
866 1589 946 1630 pro
981 1576 1265 1618 constantibus
1296 1576 1436 1618 haberi
1462 1579 1627 1631 poffinr.

164 1639 459 1697 Quamobrem
488 1652 584 1680 cum
615 1650 696 1681 tres
724 1640 887 1694 primae
907 1641 1064 1682 radices
1085 1642 1284 1680 inuentae
1303 1641 1380 1681 fint
1400 1655 1472 1682 a:
1484 1652 1527 1690 7,
1545 1650 1627 1695 843

162 1709 264 1764 βῑ,
287 1707 436 1754 56,10
487 1712 529 1744 et
580 1718 692 1759 y:
716 1716 900 1757 149259
923 1735 934 1755 ‚
995 1705 1258 1746 differentiae
1321 1706 1483 1759 primae
1537 1706 1632 1747 sunt

163 1778 242 1825 48,
267 1771 357 1819 263
409 1779 598 1819 93,49;
648 1769 758 1809 vn‘de
793 1770 930 1810 oritur
964 1768 1202 1810 differentia
1245 1768 1422 1811 secunda
1456 1780 1532 1821 45,
1555 1782 1629 1820 23.

163 1834 276 1875 Hinc
313 1832 461 1885 igitur,
495 1843 714 1886 quousque
749 1832 933 1885 libuerit,
968 1833 1062 1874 loca
1096 1833 1392 1876 maximorum
1426 1844 1469 1876 et
1503 1834 1632 1876 mini-

163 1909 335 1939 morum
371 1894 604 1936 continuari
636 1906 852 1952 poterunt.
917 1897 987 1940 En
1020 1898 1294 1953 paradigma:

160 2206 267 2251 Aac:
282 2203 409 2250 Acad.
428 2204 525 2261 Imp.
544 2203 614 2249 Sc.
632 2205 742 2248 Tom.
759 2203 812 2249 11.
830 2207 877 2248 Ρ.
893 2203 926 2247 1.
1166 2202 1213 2246 V
1526 2202 1632 2248 Diff.
