1835 2553
591 181 706 236 »aas
770 181 907 240 )241
948 177 964 237 (
1029 181 1145 234 &390⁴-

138 301 367 356 scriptione
401 296 604 341 vesiculae
637 295 830 338 leoninae
866 293 1026 352 (Tomo
1054 291 1416 339 Commentarior.
1452 307 1601 338 nouor.

141 366 260 408 XIX.
296 379 390 421 pag.
430 372 532 413 383.
573 358 704 416 384.)
755 374 837 414 qua
871 361 1034 401 ratione
1069 370 1110 400 et
1144 360 1352 415 simplices
1388 359 1524 415 plicae
1559 368 1602 401 et

141 431 274 473 moles
336 427 541 471 eiusmodi
601 426 810 480 plicarum
877 426 1292 480 conglomeratarum
1354 424 1599 466 efficiantur.

142 493 307 538 Secedit
357 493 424 534 vel
473 503 625 532 neruea
668 491 810 532 tunica
850 502 935 532 vna
969 502 1067 530 cum
1102 489 1249 531 villosa
1282 503 1306 531 a
1341 489 1601 539 musculosa,

134 560 208 601 vel
257 557 342 613 ipsa
393 556 500 598 haec
551 554 756 610 posterior
805 567 903 595 cum
954 554 1061 594 binis
1096 554 1305 608 prioribus
1341 554 1391 595 ab
1427 563 1605 594 externa

139 622 345 665 vesiculae
379 625 552 667 tunica,
597 627 639 660 et
672 619 942 660 interstitium
977 619 1094 659 inter
1128 618 1365 661 secedentes
1401 630 1603 672 eamque,

138 694 248 742 *quae
289 687 400 728 resta
434 683 599 731 transit,
634 682 748 735 quod
783 683 950 732 oritur,
1006 682 1130 723 densa
1165 684 1374 737 crassaque
1410 680 1606 724 cellulosa

139 751 341 805 repletur.
409 748 476 790 Sic
511 748 620 788 intra
653 746 877 787 vesiculam
913 746 1231 801 protuberantia
1262 746 1459 793 efficitur,
1494 758 1602 800 quae

138 815 350 856 'vesiculae
385 813 609 855 cauitatem
630 840 641 859 ,
690 810 762 850 vel
807 809 987 863 aliquam
1025 811 1113 851 eius
1149 822 1316 864 partem
1351 812 1395 852 in
1429 823 1478 852 ea
1512 810 1604 852 sede

144 888 338 933 occupat.
403 879 516 918 Tum
551 886 655 914 vero
689 875 731 912 in
767 873 851 925 ipsa
885 874 1202 927 protuberantia
1236 875 1307 915 seu
1343 875 1457 916 mole
1480 905 1491 925 ,
1541 875 1606 915 in·

145 953 211 985 tra
241 941 461 984 vesiculam
496 939 724 986 eminente,
758 937 924 977 interna
953 937 1098 977 villosa
1128 938 1268 977 tunica
1303 951 1435 992 porro
1465 953 1488 978 a
1510 951 1608 980 nei·-

142 1012 219 1047 vea
265 1006 394 1045 variis
431 1004 472 1043 in
509 1002 611 1041 locis
646 1000 829 1049 secedit,
883 1001 1103 1054 variasque
1139 1001 1198 1041 sui
1232 1002 1492 1055 duplicatur-a
1527 1003 1608 1055 pli-

141 1081 208 1109 cas
242 1067 460 1120 producit,
495 1077 602 1118 quae
637 1063 796 1104 basibus
833 1063 911 1104 suis
948 1063 1128 1117 singulae
1162 1064 1225 1105 isti
1261 1064 1605 1118 protuberantiae

139 1130 332 1179 insident,
368 1129 709 1182 marginibusque
744 1129 874 1168 acutis
909 1129 953 1168 in
986 1129 1209 1169 cauitatem
1238 1128 1443 1169 vesiculae
1479 1129 1608 1183 respi-

137 1195 272 1235 ciunt.
340 1192 486 1246 Atque
523 1206 572 1232 ea
605 1193 770 1231 ratione
806 1203 954 1232 omnes
988 1191 1122 1244 plicae
1158 1193 1257 1232 istae
1285 1192 1394 1245 quasi
1414 1194 1456 1232 in
1475 1205 1604 1234 vnam

142 1256 302 1298 molem
339 1256 723 1309 conglomerantur.
791 1252 1013 1309 Simplices
1048 1264 1186 1295 autem
1222 1255 1444 1304 oriuntur,
1501 1256 1606 1297 dum

141 1320 228 1362 sola
261 1319 406 1360 villosa
441 1333 464 1359 a
499 1330 652 1360 neruea
684 1318 866 1371 recedit,
902 1319 1046 1374 suique
1080 1318 1343 1376 duplicatura
1377 1318 1505 1375 plicas
1541 1319 1607 1361 di-

143 1384 307 1426 ssinstas
353 1380 494 1424 efficit.

340 1542 503 1586 Seriem
546 1542 659 1598 quasi
694 1543 774 1584 hae
808 1542 942 1597 plicae
976 1543 1020 1584 in
1055 1541 1266 1597 principio
1299 1542 1505 1584 vesiculae
1539 1540 1607 1584 in-‘

147 1616 214 1649 ter
247 1606 286 1648 se
319 1607 521 1659 efficiunt,
557 1620 734 1661 quarum
768 1609 906 1661 prima
939 1617 982 1648 et
1017 1607 1192 1649 secunda
1227 1608 1492 1649 transuersim
1526 1621 1607 1662 po·

146 1672 245 1713 sitae
293 1672 547 1725 marginibus
598 1672 676 1713 suis
727 1673 860 1714 acutis
911 1672 1120 1713 retrosum
1165 1681 1208 1711 et
1244 1672 1416 1712 duc‘ium
1462 1671 1606 1712 versus

149 1735 352 1787 cysticum
385 1736 626 1790 respiciunt,
660 1738 783 1777 tertia
816 1748 934 1786 vem,
970 1745 1117 1790 quarta
1149 1736 1379 1788 quintaque
1413 1745 1455 1776 et
1491 1737 1607 1777 sexta

148 1799 343 1848 demum,
380 1800 630 1841 transuersae
665 1800 877 1850 similiter,
912 1802 1042 1841 acutis
1079 1799 1334 1852 marginibus
1371 1800 1608 1841 antrorsum

150 1863 198 1911 ad
233 1862 454 1903 vesiculam
490 1864 682 1917 spec‘tant.
750 1863 977 1906 Simillima
1011 1864 1133 1906 series
1159 1864 1380 1917 plicarum,
1414 1865 1458 1905 in
1477 1877 1607 1906 vnam

148 1925 341 1966 similiter
375 1926 536 1967 molem
570 1928 999 1981 conglomeratarum,
1031 1931 1074 1969 in
1109 1928 1302 1969 leoninae
1338 1942 1506 1981 quoque
1533 1941 1608 1969 ve-

148 1989 299 2031 siculae
334 1990 542 2044 principio
575 1992 878 2046 reperiebatur,
930 1992 1061 2032 modo
1095 2001 1143 2032 vt
1175 1992 1310 2046 plicae
1346 1993 1480 2032 multo
1518 2004 1607 2032 ma-

148 2053 258 2093 iores
302 2054 343 2093 in
388 2053 470 2095 hoc
504 2055 674 2096 animali
708 2056 865 2105 essent,
917 2056 1132 2110 magisque
1167 2069 1191 2096 a
1225 2054 1265 2094 se
1301 2066 1453 2096 mutuo
1486 2055 1611 2098 dista·

149 2127 256 2168 rent,
292 2126 334 2158 et
367 2118 587 2160 interstitia
619 2118 987 2176 loculamentaque
1020 2120 1183 2163 maiora
1217 2118 1444 2163 efficerent.

148 2272 396 2336 Ana-Acad.
415 2275 512 2333 Imp.
532 2275 568 2321 S
569 2290 602 2320 c.
621 2275 728 2321 Tom.
749 2275 801 2320 ll.
821 2275 868 2321 P.
888 2275 923 2321 Ι.
1111 2278 1157 2321 Η
1188 2278 1219 2320 h
1490 2273 1608 2334 Con-¹>
