1835 2553
700 180 814 229 ”2233
880 175 1075 235 >238(
1138 177 1254 229 ἓῖεέω

246 300 391 332 ternae
425 285 628 330 vesiculae
660 289 915 341 efficiuntur,
951 292 993 332 in
1027 303 1111 344 qua
1145 290 1264 331 densa
1296 297 1341 329 et
1373 287 1476 328 dura
1508 285 1706 328 cellulofa

249 355 332 395 tela
386 353 639 394 continetur.
706 353 808 394 Duo
858 368 1022 401 corum,
1049 355 1234 395 lateralia
1276 353 1366 393 sunt
1400 362 1442 392 et
1476 351 1701 400 anteriora,

249 419 424 459 tertium
466 417 668 471 posterius
707 422 751 458 et
792 417 1094 472 ‘longitudinale
1130 419 1194 458 seu
1230 417 1461 470 obliquum.
1528 415 1623 456 Hoc
1656 416 1701 454 in

247 493 296 538 ea
330 479 423 523 sede
458 468 680 535 vjeiiculam
717 480 860 532 tenet,
895 483 966 522 vbi
1001 485 1095 536 pars
1129 482 1216 522 eius
1250 481 1438 521 maxime
1474 480 1625 533 plicata
1657 486 1704 518 et

247 544 363 586 torta
390 542 558 594 definit,
592 545 704 597 inter
734 550 831 586 eam
868 555 911 585 et
945 544 1129 585 mediam
1164 545 1366 585 vesiculae
1400 552 1579 597 partem,
1614 546 1716 582 rna-'³

244 604 312 665 g'is'
340 607 576 663 aequalem.
643 608 762 649 Tum
798 609 856 648 ita
889 608 1071 662 pofitum
1107 608 1177 656 est,
1211 617 1260 648 vt
1293 620 1349 649 ex
1384 607 1523 647 media
1545 606 1715 647 veficu··

245 672 309 713 lae
344 668 561 726 superficie
580 672 808 714 retrorsum
826 671 1119 725 progrediatur
1138 671 1338 723 primum,
1370 671 1521 711 deinde
1541 667 1715 712 fl'ex'um‘

246 731 299 777 ad
330 734 500 791 partem
536 735 729 776 dextram
761 735 908 790 hepati
940 734 1215 776 adhaerescat.

435 859 669 902 Anteriora
717 860 804 901 duo
837 859 993 901 teretes⁴
1023 859 1197 902 funiculi
1232 859 1356 910 sunt,
1408 871 1514 916 quae
1549 858 1591 898 in
1625 866 1717 898 vna*

249 923 531 974 membrana,
580 925 780 978 vttinque
829 924 1038 978 expansa,
1102 924 1389 967 continentur.
1456 922 1712 964 Membrana

250 988 476 1030 ve'ficuiam
521 989 565 1029 in
599 1001 650 1029 ea
682 988 767 1043 ipsa
801 988 893 1029 sede
928 987 1237 1042 complectitur,
1273 988 1466 1043 v'bi'ha'ee
1492 986 1713 1027 constristat

251 1053 346 1100 est,
390 1053 502 1092 inter‘
550 1050 714 1104 p‘ar'te‘m
757 1052 844 1090 eius
888 1052 1071 1091 mediam
1107 1052 1324 1105 aequalem
1359 1057 1409 1092 et'
1437 1051 1612 1091 fundum
1648 1049 1715 1089 di·-

251 1114 461 1156 stintstum.
525 1113 635 1155 Bina
667 1114 815 1154 teretia
846 1113 1075 1167 ligamenta
1108 1116 1305 1169 vtrinque
1341 1129 1363 1154 a
1397 1114 1434 1154 se
1468 1115 1616 1153 mutuo
1651 1112 1714 1150 di-

252 1177 456 1233 scedunt,
509 1186 553 1217 et
596 1176 774 1222 vesicula
818 1176 870 1233 iis
912 1177 961 1216 ad
1008 1178 1123 1233 binas
1157 1177 1244 1218 lobi
1277 1177 1465 1230 hepatici
1498 1176 1711 1230 portiones

255 1233 473 1294 alligatur,
505 1238 620 1280 iuter
653 1249 757 1293 quas
791 1236 863 1278 illa
895 1238 1008 1291 quafi
1042 1239 1285 1280 abscondita
1318 1232 1473 1279 haeret.

446 1361 516 1406 Sic
551 1372 692 1420 patet,
735 1362 962 1405 veficulam
999 1364 1161 1418 tigridis
1198 1364 1240 1405 in
1274 1372 1357 1405 tres
1393 1371 1531 1418 partes
1556 1364 1717 1403 'natura

257 1421 337 1470 esse
372 1427 577 1479 diuisam,
633 1432 811 1483 quatum
845 1428 1050 1481 posterior
1084 1443 1108 1469 a
1143 1429 1266 1470 duc'tu
1302 1429 1457 1481 cystico
1492 1426 1640 1479 incipit
1675 1433 1718 1466 et

258 1493 310 1532 ad
353 1491 631 1545 ligamentum
677 1492 884 1545 posterius
918 1500 1048 1544 vsque
1082 1492 1121 1532 se
1157 1492 1362 1532 extendit.
1428 1490 1491 1531 Ea
1525 1499 1717 1544 quartam

260 1554 430 1596 circiter
463 1555 595 1595 totius
629 1554 834 1595 vesiculae
867 1564 1054 1608 partem,
1100 1563 1171 1595 aut
1204 1555 1331 1609 paulo
1366 1555 1458 1609 plus
1494 1566 1548 1594 eo
1581 1552 1718 1594 conti-

259 1626 350 1667 net,
384 1616 596 1672 efficitque
628 1617 760 1672 ipsam
796 1630 893 1658 eam
927 1619 1159 1671 regionem,
1195 1632 1303 1672 quae
1336 1620 1447 1659 intus
1483 1617 1624 1658 multis
1646 1629 1719 1657 va-

260 1682 418 1735 riisque
467 1681 586 1735 plicis
631 1691 674 1721 et
713 1681 929 1722 receffibus
964 1681 1154 1736 infignita
1187 1683 1256 1723 est.
1324 1682 1472 1724 Altera
1505 1694 1596 1735 pars
1631 1686 1721 1721 me*-

261 1746 334 1787 dia
368 1745 440 1796 est,
472 1757 579 1799 quae
610 1745 722 1786 inter
754 1743 1029 1797 ligamentum
1063 1747 1261 1800 posterius
1298 1756 1340 1787 et
1374 1747 1582 1786 anteriora
1617 1756 1721 1784 con·

264 1809 437 1859 tinetur,
472 1821 662 1863 quaeque
696 1808 810 1862 quafi
843 1812 972 1850 vnam
1006 1821 1105 1851 cum
1139 1810 1312 1851 dimidia
1343 1818 1535 1865 quartam
1563 1807 1720 1848 veficu-

262 1871 327 1914 lae
356 1880 520 1926 partem
555 1871 697 1913 efficit.
763 1870 881 1914 Haec
916 1873 1096 1926 aequalis
1131 1874 1186 1915 est
1218 1883 1409 1924 externe,
1445 1881 1487 1913 et
1513 1871 1632 1926 plicis
1657 1871 1722 1911 iu-

266 1944 387 1976 terne
430 1945 557 1976 caret.
622 1936 787 1978 Tertia*
812 1948 906 1989 pars
952 1938 1135 1979 anterior
1176 1947 1219 1979 et
1255 1939 1340 1991 ipsa
1373 1951 1422 1980 ea
1455 1937 1541 1980 est,
1591 1947 1720 1988 quam

265 1999 445 2056 fundum
494 1999 614 2048 dixi,
663 2011 771 2054 quae
817 1999 989 2040 notabili
1033 2001 1103 2041 illa
1135 2001 1336 2043 vesiculae
1373 1999 1664 2043 constrictione
1698 2012 1722 2039 a

272 2062 446 2117 reliquis
490 2062 784 2117 posterioribus
833 2063 1018 2119 partibus
1053 2066 1157 2106 adeo
1191 2058 1719 2117 manifestoedistinguitur.

271 2123 387 2168 Haec
431 2138 537 2182 ergo
580 2126 809 2182 ligamenta
849 2129 1060 2171 anteriora
1093 2131 1203 2174 inter
1237 2140 1282 2171 et
1315 2139 1557 2173 extremum
1591 2124 1722 2167 finem

1614 2188 1722 2230 vess-
