<?xml version="1.0" encoding="UTF-8"?>
<!DOCTYPE html PUBLIC "-//W3C//DTD XHTML 1.0 Transitional//EN"
    "http://www.w3.org/TR/xhtml1/DTD/xhtml1-transitional.dtd">
<html xmlns="http://www.w3.org/1999/xhtml" xml:lang="en" lang="en">
 <head>
  <title>
</title>
<meta http-equiv="Content-Type" content="text/html;charset=utf-8" />
  <meta name='ocr-system' content='tesseract 3.04.00' />
  <meta name='ocr-capabilities' content='ocr_page ocr_carea ocr_par ocr_line ocrx_word'/>
</head>
<body>
  <div class='ocr_page' id='page_1' title='image "./actaacademiae01impe_0247.png"; bbox 0 0 1835 2553; ppageno 0'>
   <div class='ocr_carea' id='block_1_1' title="bbox 664 109 1835 181">
    <p class='ocr_par' dir='ltr' id='par_1_1' title="bbox 664 109 1835 181">
     <span class='ocr_line' id='line_1_1' title="bbox 664 109 1835 181; baseline -0.006 -21"><span class='ocrx_word' id='word_1_1' title='bbox 664 109 778 179; x_wconf 45' lang='grc' dir='ltr'>»μς</span> <span class='ocrx_word' id='word_1_2' title='bbox 843 119 1038 181; x_wconf 48' lang='lat' dir='ltr'>&gt;im-7(</span> <span class='ocrx_word' id='word_1_3' title='bbox 1104 110 1219 173; x_wconf 52' lang='lat' dir='ltr'>geg«</span> <span class='ocrx_word' id='word_1_4' title='bbox 1812 142 1835 153; x_wconf 84' lang='grc'>-</span> 
     </span>
    </p>
   </div>
   <div class='ocr_carea' id='block_1_2' title="bbox 203 233 1681 357">
    <p class='ocr_par' dir='ltr' id='par_1_2' title="bbox 203 233 1681 357">
     <span class='ocr_line' id='line_1_2' title="bbox 203 233 1681 296; baseline -0.003 -12"><span class='ocrx_word' id='word_1_5' title='bbox 203 243 311 285; x_wconf 83' lang='lat' dir='ltr'>ratio</span> <span class='ocrx_word' id='word_1_6' title='bbox 347 241 563 296; x_wconf 85' lang='lat' dir='ltr'>frangendi</span> <span class='ocrx_word' id='word_1_7' title='bbox 608 238 771 293; x_wconf 88' lang='lat' dir='ltr'>prorsus</span> <span class='ocrx_word' id='word_1_8' title='bbox 816 236 1020 290; x_wconf 81' lang='lat' dir='ltr'>discrepat</span> <span class='ocrx_word' id='word_1_9' title='bbox 1054 234 1102 275; x_wconf 86' lang='lat' dir='ltr'>ab</span> <span class='ocrx_word' id='word_1_10' title='bbox 1139 233 1231 285; x_wconf 84' lang='lat' dir='ltr'>illa,</span> <span class='ocrx_word' id='word_1_11' title='bbox 1278 248 1405 290; x_wconf 86' lang='lat' dir='ltr'>quam</span> <span class='ocrx_word' id='word_1_12' title='bbox 1440 236 1560 293; x_wconf 87' lang='lat' dir='ltr'>supra</span> <span class='ocrx_word' id='word_1_13' title='bbox 1594 245 1681 281; x_wconf 75' lang='lat' dir='ltr'>tra-</span> 
     </span>
     <span class='ocr_line' id='line_1_3' title="bbox 203 300 1333 357; baseline -0.008 -8"><span class='ocrx_word' id='word_1_14' title='bbox 203 308 408 350; x_wconf 67' lang='lat' dir='ltr'>&amp;animus</span> <span class='ocrx_word' id='word_1_15' title='bbox 429 337 440 357; x_wconf 94' lang='lat'>‚</span> <span class='ocrx_word' id='word_1_16' title='bbox 476 307 518 346; x_wconf 89' lang='lat' dir='ltr'>in</span> <span class='ocrx_word' id='word_1_17' title='bbox 554 316 648 346; x_wconf 83' lang='lat' dir='ltr'>eam</span> <span class='ocrx_word' id='word_1_18' title='bbox 681 303 751 345; x_wconf 89' lang='lat' dir='ltr'>hic</span> <span class='ocrx_word' id='word_1_19' title='bbox 789 302 1021 342; x_wconf 82' lang='lat' dir='ltr'>accuratius</span> <span class='ocrx_word' id='word_1_20' title='bbox 1056 300 1333 355; x_wconf 78' lang='lat' dir='ltr'>inquiramus.</span> 
     </span>
    </p>
   </div>
   <div class='ocr_carea' id='block_1_3' title="bbox 156 408 1835 1300">
    <p class='ocr_par' dir='ltr' id='par_1_3' title="bbox 156 408 1835 789">
     <span class='ocr_line' id='line_1_4' title="bbox 394 408 1835 472; baseline -0.001 -20"><span class='ocrx_word' id='word_1_21' title='bbox 394 415 427 463; x_wconf 84' lang='lat'>§.</span> <span class='ocrx_word' id='word_1_22' title='bbox 476 423 547 451; x_wconf 90' lang='lat'>22.</span> <span class='ocrx_word' id='word_1_23' title='bbox 614 409 740 450; x_wconf 86' lang='lat' dir='ltr'>Hunc</span> <span class='ocrx_word' id='word_1_24' title='bbox 776 410 818 450; x_wconf 91' lang='lat' dir='ltr'>in</span> <span class='ocrx_word' id='word_1_25' title='bbox 854 408 983 450; x_wconf 89' lang='lat' dir='ltr'>finem</span> <span class='ocrx_word' id='word_1_26' title='bbox 1032 409 1269 463; x_wconf 76' lang='lat' dir='ltr'>supremam</span> <span class='ocrx_word' id='word_1_27' title='bbox 1323 408 1554 456; x_wconf 29' lang='lat' dir='ltr'>columnae*</span> <span class='ocrx_word' id='word_1_28' title='bbox 1579 409 1784 472; x_wconf 71' lang='lat' dir='ltr'>ABTab.</span> <span class='ocrx_word' id='word_1_29' title='bbox 1813 434 1835 472; x_wconf 59' lang='grc' dir='ltr'><strong>κ</strong></span> 
     </span>
     <span class='ocr_line' id='line_1_5' title="bbox 202 473 1835 537; baseline -0.002 -17"><span class='ocrx_word' id='word_1_30' title='bbox 202 476 512 534; x_wconf 79' lang='lat' dir='ltr'>portiunculam</span> <span class='ocrx_word' id='word_1_31' title='bbox 547 474 736 528; x_wconf 86' lang='lat' dir='ltr'>laqueari</span> <span class='ocrx_word' id='word_1_32' title='bbox 772 474 862 514; x_wconf 85' lang='lat' dir='ltr'>fixo</span> <span class='ocrx_word' id='word_1_33' title='bbox 896 473 976 515; x_wconf 80' lang='lat' dir='ltr'>effe</span> <span class='ocrx_word' id='word_1_34' title='bbox 1011 473 1189 516; x_wconf 85' lang='lat' dir='ltr'>infixam</span> <span class='ocrx_word' id='word_1_35' title='bbox 1227 475 1543 528; x_wconf 76' lang='lat' dir='ltr'>concipiamus,</span> <span class='ocrx_word' id='word_1_36' title='bbox 1593 476 1675 518; x_wconf 78' lang='lat' dir='ltr'>fine</span> <span class='ocrx_word' id='word_1_37' title='bbox 1719 485 1795 537; x_wconf 70' lang='lat' dir='ltr'>Fjg.</span> <span class='ocrx_word' id='word_1_38' title='bbox 1826 502 1835 533; x_wconf 72' lang='lat'>5</span> 
     </span>
     <span class='ocr_line' id='line_1_6' title="bbox 200 538 1674 593; baseline -0.001 -9"><span class='ocrx_word' id='word_1_39' title='bbox 200 544 259 584; x_wconf 86' lang='lat' dir='ltr'>ita</span> <span class='ocrx_word' id='word_1_40' title='bbox 295 557 317 583; x_wconf 81' lang='lat' dir='ltr'>a</span> <span class='ocrx_word' id='word_1_41' title='bbox 349 540 507 581; x_wconf 81' lang='lat' dir='ltr'>viribus</span> <span class='ocrx_word' id='word_1_42' title='bbox 553 538 891 579; x_wconf 90' lang='lat' dir='ltr'>horizontalibus</span> <span class='ocrx_word' id='word_1_43' title='bbox 948 539 1152 593; x_wconf 76' lang='lat' dir='ltr'>vtrinque</span> <span class='ocrx_word' id='word_1_44' title='bbox 1202 539 1406 589; x_wconf 87' lang='lat' dir='ltr'>detineri,</span> <span class='ocrx_word' id='word_1_45' title='bbox 1459 550 1506 581; x_wconf 84' lang='lat' dir='ltr'>vt</span> <span class='ocrx_word' id='word_1_46' title='bbox 1541 554 1565 580; x_wconf 91' lang='lat' dir='ltr'>a</span> <span class='ocrx_word' id='word_1_47' title='bbox 1598 541 1674 582; x_wconf 85' lang='lat' dir='ltr'>fitu</span> 
     </span>
     <span class='ocr_line' id='line_1_7' title="bbox 156 602 1675 658; baseline -0.001 -11"><span class='ocrx_word' id='word_1_48' title='bbox 156 649 161 654; x_wconf 29' lang='lat'><em>⁴</em></span> <span class='ocrx_word' id='word_1_49' title='bbox 200 605 390 647; x_wconf 84' lang='lat' dir='ltr'>verticali</span> <span class='ocrx_word' id='word_1_50' title='bbox 427 604 645 645; x_wconf 65' lang='lat' dir='ltr'>deflectere</span> <span class='ocrx_word' id='word_1_51' title='bbox 681 604 847 656; x_wconf 90' lang='lat' dir='ltr'>penitus</span> <span class='ocrx_word' id='word_1_52' title='bbox 883 613 1075 656; x_wconf 81' lang='lat' dir='ltr'>nequeat</span> <span class='ocrx_word' id='word_1_53' title='bbox 1154 602 1349 653; x_wconf 89' lang='lat' dir='ltr'>Scilicet,</span> <span class='ocrx_word' id='word_1_54' title='bbox 1393 604 1494 645; x_wconf 89' lang='lat' dir='ltr'>dum</span> <span class='ocrx_word' id='word_1_55' title='bbox 1530 605 1675 658; x_wconf 87' lang='lat' dir='ltr'>portio</span> 
     </span>
     <span class='ocr_line' id='line_1_8' title="bbox 160 666 1677 735; baseline 0.001 -25"><span class='ocrx_word' id='word_1_56' title='bbox 160 668 304 714; x_wconf 60' lang='grc' dir='ltr'>«νΑΥ</span> <span class='ocrx_word' id='word_1_57' title='bbox 339 670 609 716; x_wconf 85' lang='lat' dir='ltr'>incuruatur‚</span> <span class='ocrx_word' id='word_1_58' title='bbox 661 666 711 706; x_wconf 89' lang='lat' dir='ltr'>ad</span> <span class='ocrx_word' id='word_1_59' title='bbox 757 667 959 720; x_wconf 67' lang='lat' dir='ltr'>punctum</span> <span class='ocrx_word' id='word_1_60' title='bbox 1013 667 1199 721; x_wconf 80' lang='lat' dir='ltr'>superius</span> <span class='ocrx_word' id='word_1_61' title='bbox 1234 681 1259 708; x_wconf 88' lang='lat' dir='ltr'>a</span> <span class='ocrx_word' id='word_1_62' title='bbox 1294 669 1335 735; x_wconf 63' lang='lat' dir='ltr'>in</span> <span class='ocrx_word' id='word_1_63' title='bbox 1352 669 1449 713; x_wconf 83' lang='lat' dir='ltr'>fitu</span> <span class='ocrx_word' id='word_1_64' title='bbox 1484 668 1677 712; x_wconf 72' lang='lat' dir='ltr'>verticali</span> 
     </span>
     <span class='ocr_line' id='line_1_9' title="bbox 194 713 1676 792; baseline -0.001 -15.993"><span class='ocrx_word' id='word_1_65' title='bbox 194 732 560 781; x_wconf 88' lang='lat' dir='ltr'>conseruandum,</span> <span class='ocrx_word' id='word_1_66' title='bbox 615 730 775 771; x_wconf 79' lang='lat' dir='ltr'>necess‘e</span> <span class='ocrx_word' id='word_1_67' title='bbox 826 731 911 780; x_wconf 91' lang='lat' dir='ltr'>est,</span> <span class='ocrx_word' id='word_1_68' title='bbox 964 739 1010 771; x_wconf 86' lang='lat' dir='ltr'>vt</span> <span class='ocrx_word' id='word_1_69' title='bbox 1045 744 1068 772; x_wconf 86' lang='lat' dir='ltr'>a</span> <span class='ocrx_word' id='word_1_70' title='bbox 1103 731 1147 771; x_wconf 80' lang='lat' dir='ltr'>vi</span> <span class='ocrx_word' id='word_1_71' title='bbox 1177 713 1379 790; x_wconf 79' lang='lat' dir='ltr'>quadam</span> <span class='ocrx_word' id='word_1_72' title='bbox 1432 731 1676 792; x_wconf 71' lang='lat' dir='ltr'>horizonta-</span> 
     </span>
    </p>

    <p class='ocr_par' dir='ltr' id='par_1_4' title="bbox 167 794 1675 1300">
     <span class='ocr_line' id='line_1_10' title="bbox 198 794 1674 852; baseline 0.001 -13"><span class='ocrx_word' id='word_1_73' title='bbox 198 798 228 840; x_wconf 87' lang='lat' dir='ltr'>li</span> <span class='ocrx_word' id='word_1_74' title='bbox 263 811 331 851; x_wconf 86' lang='lat' dir='ltr'>aq</span> <span class='ocrx_word' id='word_1_75' title='bbox 367 796 636 845; x_wconf 86' lang='lat' dir='ltr'>sollicitetur,</span> <span class='ocrx_word' id='word_1_76' title='bbox 689 806 742 836; x_wconf 86' lang='lat' dir='ltr'>ne</span> <span class='ocrx_word' id='word_1_77' title='bbox 789 794 895 834; x_wconf 89' lang='lat' dir='ltr'>istud</span> <span class='ocrx_word' id='word_1_78' title='bbox 946 795 1151 848; x_wconf 62' lang='lat' dir='ltr'>punitum</span> <span class='ocrx_word' id='word_1_79' title='bbox 1202 796 1470 838; x_wconf 74' lang='lat' dir='ltr'>retrocedere</span> <span class='ocrx_word' id='word_1_80' title='bbox 1523 806 1674 852; x_wconf 78' lang='lat' dir='ltr'>queat,</span> 
     </span>
     <span class='ocr_line' id='line_1_11' title="bbox 201 856 1675 917; baseline 0.001 -15"><span class='ocrx_word' id='word_1_81' title='bbox 201 874 329 917; x_wconf 88' lang='lat' dir='ltr'>quem</span> <span class='ocrx_word' id='word_1_82' title='bbox 364 873 466 915; x_wconf 86' lang='lat' dir='ltr'>ergo</span> <span class='ocrx_word' id='word_1_83' title='bbox 502 857 696 900; x_wconf 66' lang='lat' dir='ltr'>effectum</span> <span class='ocrx_word' id='word_1_84' title='bbox 747 857 924 898; x_wconf 89' lang='lat' dir='ltr'>firmitas</span> <span class='ocrx_word' id='word_1_85' title='bbox 981 856 1189 912; x_wconf 82' lang='lat' dir='ltr'>laquearis</span> <span class='ocrx_word' id='word_1_86' title='bbox 1241 860 1447 913; x_wconf 82' lang='lat' dir='ltr'>praestare</span> <span class='ocrx_word' id='word_1_87' title='bbox 1481 862 1538 902; x_wconf 86' lang='lat' dir='ltr'>est</span> <span class='ocrx_word' id='word_1_88' title='bbox 1571 874 1675 913; x_wconf 82' lang='lat' dir='ltr'>cen·</span> 
     </span>
     <span class='ocr_line' id='line_1_12' title="bbox 200 921 1675 971; baseline 0 -4"><span class='ocrx_word' id='word_1_89' title='bbox 200 926 338 967; x_wconf 82' lang='lat' dir='ltr'>senda.</span> <span class='ocrx_word' id='word_1_90' title='bbox 421 923 539 964; x_wconf 89' lang='lat' dir='ltr'>Turn</span> <span class='ocrx_word' id='word_1_91' title='bbox 576 933 705 971; x_wconf 81' lang='lat' dir='ltr'>vem,</span> <span class='ocrx_word' id='word_1_92' title='bbox 750 933 803 961; x_wconf 89' lang='lat' dir='ltr'>ne</span> <span class='ocrx_word' id='word_1_93' title='bbox 840 929 930 962; x_wconf 84' lang='lat' dir='ltr'>tota</span> <span class='ocrx_word' id='word_1_94' title='bbox 965 921 1189 962; x_wconf 88' lang='lat' dir='ltr'>columna</span> <span class='ocrx_word' id='word_1_95' title='bbox 1202 922 1251 963; x_wconf 93' lang='lat' dir='ltr'>ab</span> <span class='ocrx_word' id='word_1_96' title='bbox 1287 924 1361 964; x_wconf 84' lang='lat' dir='ltr'>ista</span> <span class='ocrx_word' id='word_1_97' title='bbox 1397 924 1441 964; x_wconf 83' lang='lat' dir='ltr'>vi</span> <span class='ocrx_word' id='word_1_98' title='bbox 1471 924 1675 967; x_wconf 75' lang='lat' dir='ltr'>horizon-</span> 
     </span>
     <span class='ocr_line' id='line_1_13' title="bbox 200 985 1674 1057; baseline 0.001 -28"><span class='ocrx_word' id='word_1_99' title='bbox 200 989 272 1030; x_wconf 83' lang='lat' dir='ltr'>tali</span> <span class='ocrx_word' id='word_1_100' title='bbox 307 1001 376 1040; x_wconf 89' lang='lat' dir='ltr'>aq</span> <span class='ocrx_word' id='word_1_101' title='bbox 408 985 613 1040; x_wconf 85' lang='lat' dir='ltr'>prosterni</span> <span class='ocrx_word' id='word_1_102' title='bbox 665 994 855 1057; x_wconf 80' lang='lat' dir='ltr'>queat,</span> <span class='ocrx_word' id='word_1_103' title='bbox 863 985 906 1024; x_wconf 89' lang='lat' dir='ltr'>in</span> <span class='ocrx_word' id='word_1_104' title='bbox 942 985 1100 1054; x_wconf 67' lang='lat' dir='ltr'>puncto</span> <span class='ocrx_word' id='word_1_105' title='bbox 1135 985 1178 1026; x_wconf 91' lang='lat' dir='ltr'><strong>A</strong></span> <span class='ocrx_word' id='word_1_106' title='bbox 1213 986 1394 1040; x_wconf 86' lang='lat' dir='ltr'>aequalis</span> <span class='ocrx_word' id='word_1_107' title='bbox 1447 989 1510 1029; x_wconf 79' lang='lat' dir='ltr'>vis</span> <span class='ocrx_word' id='word_1_108' title='bbox 1556 989 1674 1032; x_wconf 88' lang='lat' dir='ltr'>hori-</span> 
     </span>
     <span class='ocr_line' id='line_1_14' title="bbox 168 1043 1673 1119; baseline 0.003 -28"><span class='ocrx_word' id='word_1_109' title='bbox 168 1043 515 1105; x_wconf 63' lang='lat' dir='ltr'>&#39;&#39;zontalisAQ,</span> <span class='ocrx_word' id='word_1_110' title='bbox 551 1049 760 1091; x_wconf 78' lang='lat' dir='ltr'>contrarie</span> <span class='ocrx_word' id='word_1_111' title='bbox 794 1044 943 1115; x_wconf 75' lang='lat' dir='ltr'>agens,</span> <span class='ocrx_word' id='word_1_112' title='bbox 977 1049 1034 1090; x_wconf 86' lang='lat' dir='ltr'>est</span> <span class='ocrx_word' id='word_1_113' title='bbox 1068 1050 1371 1115; x_wconf 79' lang='lat' dir='ltr'>concipienda,</span> <span class='ocrx_word' id='word_1_114' title='bbox 1405 1056 1514 1119; x_wconf 74' lang='lat' dir='ltr'>quae</span> <span class='ocrx_word' id='word_1_115' title='bbox 1548 1054 1673 1095; x_wconf 89' lang='lat' dir='ltr'>istum</span> 
     </span>
     <span class='ocr_line' id='line_1_15' title="bbox 167 1105 1673 1166; baseline 0.002 -10"><span class='ocrx_word' id='word_1_116' title='bbox 167 1105 394 1156; x_wconf 63' lang='lat' dir='ltr'>&#39;effectum</span> <span class='ocrx_word' id='word_1_117' title='bbox 430 1114 622 1155; x_wconf 89' lang='lat' dir='ltr'>destruat.</span> <span class='ocrx_word' id='word_1_118' title='bbox 675 1112 873 1155; x_wconf 88' lang='lat' dir='ltr'>Interim</span> <span class='ocrx_word' id='word_1_119' title='bbox 889 1123 1035 1156; x_wconf 81' lang='lat' dir='ltr'>tamen</span> <span class='ocrx_word' id='word_1_120' title='bbox 1068 1113 1147 1156; x_wconf 85' lang='lat' dir='ltr'>hae</span> <span class='ocrx_word' id='word_1_121' title='bbox 1183 1115 1288 1157; x_wconf 82' lang='lat' dir='ltr'>duae</span> <span class='ocrx_word' id='word_1_122' title='bbox 1321 1116 1432 1166; x_wconf 81' lang='lat' dir='ltr'>vires</span> <span class='ocrx_word' id='word_1_123' title='bbox 1469 1115 1553 1158; x_wconf 81' lang='lat' dir='ltr'>non</span> <span class='ocrx_word' id='word_1_124' title='bbox 1581 1118 1673 1159; x_wconf 89' lang='lat' dir='ltr'>im-</span> 
     </span>
     <span class='ocr_line' id='line_1_16' title="bbox 195 1178 1672 1234; baseline 0.003 -16"><span class='ocrx_word' id='word_1_125' title='bbox 195 1179 339 1233; x_wconf 89' lang='lat' dir='ltr'>pedire</span> <span class='ocrx_word' id='word_1_126' title='bbox 373 1178 552 1226; x_wconf 87' lang='lat' dir='ltr'>debent,</span> <span class='ocrx_word' id='word_1_127' title='bbox 603 1178 832 1231; x_wconf 78' lang='lat' dir='ltr'>quominus</span> <span class='ocrx_word' id='word_1_128' title='bbox 867 1178 1067 1219; x_wconf 83' lang='lat' dir='ltr'>columna</span> <span class='ocrx_word' id='word_1_129' title='bbox 1101 1179 1298 1234; x_wconf 78' lang='lat' dir='ltr'>imposita</span> <span class='ocrx_word' id='word_1_130' title='bbox 1331 1179 1375 1220; x_wconf 91' lang='lat' dir='ltr'>A</span> <span class='ocrx_word' id='word_1_131' title='bbox 1401 1179 1433 1221; x_wconf 91' lang='lat' dir='ltr'>P</span> <span class='ocrx_word' id='word_1_132' title='bbox 1469 1183 1564 1222; x_wconf 78' lang='lat' dir='ltr'>toto</span> <span class='ocrx_word' id='word_1_133' title='bbox 1597 1182 1672 1224; x_wconf 76' lang='lat' dir='ltr'>suo</span> 
     </span>
     <span class='ocr_line' id='line_1_17' title="bbox 196 1240 1650 1300; baseline 0.003 -18"><span class='ocrx_word' id='word_1_134' title='bbox 196 1243 383 1298; x_wconf 85' lang='lat' dir='ltr'>pondere</span> <span class='ocrx_word' id='word_1_135' title='bbox 417 1243 461 1282; x_wconf 87' lang='lat' dir='ltr'>in</span> <span class='ocrx_word' id='word_1_136' title='bbox 496 1240 742 1283; x_wconf 84' lang='lat' dir='ltr'>columnam</span> <span class='ocrx_word' id='word_1_137' title='bbox 776 1243 1025 1284; x_wconf 87' lang='lat' dir='ltr'>inferiorem</span> <span class='ocrx_word' id='word_1_138' title='bbox 1061 1248 1185 1298; x_wconf 76' lang='lat' dir='ltr'>agat,</span> <span class='ocrx_word' id='word_1_139' title='bbox 1214 1257 1393 1299; x_wconf 85' lang='lat' dir='ltr'>eamque</span> <span class='ocrx_word' id='word_1_140' title='bbox 1427 1245 1650 1300; x_wconf 81' lang='lat' dir='ltr'>deprimat.</span> 
     </span>
    </p>
   </div>
   <div class='ocr_carea' id='block_1_4' title="bbox 194 1344 1668 2004">
    <p class='ocr_par' dir='ltr' id='par_1_5' title="bbox 194 1344 1668 1982">
     <span class='ocr_line' id='line_1_18' title="bbox 388 1344 1668 1402; baseline 0.002 -12"><span class='ocrx_word' id='word_1_141' title='bbox 388 1349 516 1398; x_wconf 70' lang='lat'>§.2:3.</span> <span class='ocrx_word' id='word_1_142' title='bbox 567 1345 639 1389; x_wconf 88' lang='lat' dir='ltr'>Ad</span> <span class='ocrx_word' id='word_1_143' title='bbox 681 1344 794 1389; x_wconf 87' lang='lat' dir='ltr'>hunc</span> <span class='ocrx_word' id='word_1_144' title='bbox 830 1359 933 1402; x_wconf 85' lang='lat' dir='ltr'>ergo</span> <span class='ocrx_word' id='word_1_145' title='bbox 967 1349 1107 1390; x_wconf 89' lang='lat' dir='ltr'>casum</span> <span class='ocrx_word' id='word_1_146' title='bbox 1141 1350 1429 1397; x_wconf 86' lang='lat' dir='ltr'>euoluend-um</span> <span class='ocrx_word' id='word_1_147' title='bbox 1463 1363 1668 1393; x_wconf 82' lang='lat' dir='ltr'>vocemus</span> 
     </span>
     <span class='ocr_line' id='line_1_19' title="bbox 196 1410 1668 1469; baseline 0.002 -15"><span class='ocrx_word' id='word_1_148' title='bbox 196 1413 288 1454; x_wconf 83' lang='lat' dir='ltr'>istas</span> <span class='ocrx_word' id='word_1_149' title='bbox 342 1414 451 1453; x_wconf 84' lang='lat' dir='ltr'>vires</span> <span class='ocrx_word' id='word_1_150' title='bbox 503 1410 783 1453; x_wconf 76' lang='lat' dir='ltr'>horizontales</span> <span class='ocrx_word' id='word_1_151' title='bbox 817 1410 927 1467; x_wconf 86' lang='lat' dir='ltr'>AQ</span> <span class='ocrx_word' id='word_1_152' title='bbox 950 1427 1008 1454; x_wconf 71' lang='grc' dir='ltr'>Ξ</span> <span class='ocrx_word' id='word_1_153' title='bbox 1036 1427 1178 1468; x_wconf 73' lang='lat' dir='ltr'>aq:</span> <span class='ocrx_word' id='word_1_154' title='bbox 1199 1413 1277 1469; x_wconf 71' lang='lat' dir='ltr'>Q,</span> <span class='ocrx_word' id='word_1_155' title='bbox 1313 1424 1355 1456; x_wconf 93' lang='lat' dir='ltr'>et</span> <span class='ocrx_word' id='word_1_156' title='bbox 1394 1415 1668 1457; x_wconf 89' lang='lat' dir='ltr'>interuallum</span> 
     </span>
     <span class='ocr_line' id='line_1_20' title="bbox 194 1475 1665 1531; baseline -0.001 -11"><span class='ocrx_word' id='word_1_157' title='bbox 194 1476 403 1525; x_wconf 61' lang='lat' dir='ltr'>Aur-a,</span> <span class='ocrx_word' id='word_1_158' title='bbox 440 1477 498 1516; x_wconf 90' lang='lat' dir='ltr'>ita</span> <span class='ocrx_word' id='word_1_159' title='bbox 531 1486 576 1516; x_wconf 85' lang='lat' dir='ltr'>vt</span> <span class='ocrx_word' id='word_1_160' title='bbox 614 1489 723 1517; x_wconf 89' lang='lat' dir='ltr'>nunc</span> <span class='ocrx_word' id='word_1_161' title='bbox 760 1487 841 1517; x_wconf 89' lang='lat' dir='ltr'>tres</span> <span class='ocrx_word' id='word_1_162' title='bbox 877 1475 1102 1518; x_wconf 87' lang='lat' dir='ltr'>habeamus</span> <span class='ocrx_word' id='word_1_163' title='bbox 1140 1480 1277 1527; x_wconf 83' lang='lat' dir='ltr'>vires,</span> <span class='ocrx_word' id='word_1_164' title='bbox 1313 1477 1462 1531; x_wconf 88' lang='lat' dir='ltr'>quibus</span> <span class='ocrx_word' id='word_1_165' title='bbox 1500 1479 1665 1519; x_wconf 85' lang='lat' dir='ltr'>colum·</span> 
     </span>
     <span class='ocr_line' id='line_1_21' title="bbox 196 1540 1667 1595; baseline 0.001 -13"><span class='ocrx_word' id='word_1_166' title='bbox 196 1554 248 1582; x_wconf 84' lang='lat' dir='ltr'>na</span> <span class='ocrx_word' id='word_1_167' title='bbox 299 1541 472 1582; x_wconf 85' lang='lat' dir='ltr'>inferior</span> <span class='ocrx_word' id='word_1_168' title='bbox 523 1540 792 1588; x_wconf 85' lang='lat' dir='ltr'>sollicitatur,</span> <span class='ocrx_word' id='word_1_169' title='bbox 842 1540 1044 1594; x_wconf 84' lang='lat' dir='ltr'>fiquidem</span> <span class='ocrx_word' id='word_1_170' title='bbox 1090 1551 1259 1595; x_wconf 84' lang='lat' dir='ltr'>praeter</span> <span class='ocrx_word' id='word_1_171' title='bbox 1293 1540 1366 1582; x_wconf 83' lang='lat' dir='ltr'>has</span> <span class='ocrx_word' id='word_1_172' title='bbox 1402 1543 1512 1582; x_wconf 85' lang='lat' dir='ltr'>vires</span> <span class='ocrx_word' id='word_1_173' title='bbox 1549 1541 1667 1583; x_wconf 83' lang='lat' dir='ltr'>h&#39;ori-</span> 
     </span>
     <span class='ocr_line' id='line_1_22' title="bbox 195 1598 1665 1661; baseline 0.001 -15"><span class='ocrx_word' id='word_1_174' title='bbox 195 1606 381 1646; x_wconf 83' lang='lat' dir='ltr'>zontales</span> <span class='ocrx_word' id='word_1_175' title='bbox 422 1604 556 1645; x_wconf 85' lang='lat' dir='ltr'>adhuc</span> <span class='ocrx_word' id='word_1_176' title='bbox 593 1619 615 1645; x_wconf 89' lang='lat' dir='ltr'>a</span> <span class='ocrx_word' id='word_1_177' title='bbox 651 1606 835 1657; x_wconf 86' lang='lat' dir='ltr'>pondere</span> <span class='ocrx_word' id='word_1_178' title='bbox 867 1604 1193 1659; x_wconf 81' lang='lat' dir='ltr'>superimposito</span> <span class='ocrx_word' id='word_1_179' title='bbox 1227 1605 1260 1646; x_wconf 83' lang='lat' dir='ltr'>P</span> <span class='ocrx_word' id='word_1_180' title='bbox 1300 1605 1495 1647; x_wconf 85' lang='lat' dir='ltr'>deorsum</span> <span class='ocrx_word' id='word_1_181' title='bbox 1541 1598 1665 1661; x_wconf 47' lang='lat' dir='ltr'>urge·</span> 
     </span>
     <span class='ocr_line' id='line_1_23' title="bbox 195 1669 1664 1723; baseline 0.001 -13"><span class='ocrx_word' id='word_1_182' title='bbox 195 1681 287 1721; x_wconf 63' lang='lat' dir='ltr'>turz,</span> <span class='ocrx_word' id='word_1_183' title='bbox 322 1684 343 1709; x_wconf 86' lang='lat' dir='ltr'>a</span> <span class='ocrx_word' id='word_1_184' title='bbox 376 1669 520 1721; x_wconf 79' lang='lat' dir='ltr'>quibus</span> <span class='ocrx_word' id='word_1_185' title='bbox 556 1669 714 1710; x_wconf 89' lang='lat' dir='ltr'>viribus</span> <span class='ocrx_word' id='word_1_186' title='bbox 744 1669 964 1723; x_wconf 83' lang='lat' dir='ltr'>quomodo</span> <span class='ocrx_word' id='word_1_187' title='bbox 1000 1670 1199 1711; x_wconf 80' lang='lat' dir='ltr'>column-a</span> <span class='ocrx_word' id='word_1_188' title='bbox 1232 1670 1338 1711; x_wconf 83' lang='lat' dir='ltr'>haec</span> <span class='ocrx_word' id='word_1_189' title='bbox 1373 1669 1468 1711; x_wconf 83' lang='lat' dir='ltr'>AB</span> <span class='ocrx_word' id='word_1_190' title='bbox 1505 1671 1664 1712; x_wconf 66' lang='lat' dir='ltr'>inflecti</span> 
     </span>
     <span class='ocr_line' id='line_1_24' title="bbox 195 1733 1660 1791; baseline 0.001 -17"><span class='ocrx_word' id='word_1_191' title='bbox 195 1733 367 1782; x_wconf 83' lang='lat' dir='ltr'>debeat,</span> <span class='ocrx_word' id='word_1_192' title='bbox 386 1733 471 1773; x_wconf 85' lang='lat' dir='ltr'>iam</span> <span class='ocrx_word' id='word_1_193' title='bbox 490 1733 789 1787; x_wconf 80' lang='lat' dir='ltr'>indagabimus,</span> <span class='ocrx_word' id='word_1_194' title='bbox 809 1733 881 1775; x_wconf 85' lang='lat' dir='ltr'>vbi</span> <span class='ocrx_word' id='word_1_195' title='bbox 901 1734 1070 1787; x_wconf 84' lang='lat' dir='ltr'>quidem</span> <span class='ocrx_word' id='word_1_196' title='bbox 1095 1735 1660 1794; x_wconf 66' lang='lat' dir='ltr'>ipsum-ponduscolumuae</span> 
     </span>
     <span class='ocr_line' id='line_1_25' title="bbox 195 1796 1660 1854; baseline 0.002 -16"><span class='ocrx_word' id='word_1_197' title='bbox 195 1798 402 1838; x_wconf 88' lang='lat' dir='ltr'>inferioris</span> <span class='ocrx_word' id='word_1_198' title='bbox 422 1797 632 1850; x_wconf 82' lang='lat' dir='ltr'>negligere</span> <span class='ocrx_word' id='word_1_199' title='bbox 651 1797 817 1850; x_wconf 88' lang='lat' dir='ltr'>licebit,</span> <span class='ocrx_word' id='word_1_200' title='bbox 836 1811 934 1839; x_wconf 83' lang='lat' dir='ltr'>narn</span> <span class='ocrx_word' id='word_1_201' title='bbox 954 1797 1007 1847; x_wconf 86' lang='lat' dir='ltr'>fi,</span> <span class='ocrx_word' id='word_1_202' title='bbox 1035 1811 1087 1840; x_wconf 89' lang='lat' dir='ltr'>eo</span> <span class='ocrx_word' id='word_1_203' title='bbox 1108 1796 1325 1854; x_wconf 52' lang='lat' dir='ltr'>neglecto,</span> <span class='ocrx_word' id='word_1_204' title='bbox 1346 1799 1546 1841; x_wconf 86' lang='lat' dir='ltr'>columna</span> <span class='ocrx_word' id='word_1_205' title='bbox 1566 1799 1623 1839; x_wconf 72' lang='lat' dir='ltr'>A·</span> <span class='ocrx_word' id='word_1_206' title='bbox 1625 1800 1660 1841; x_wconf 90' lang='grc' dir='ltr'><em>Β</em></span> 
     </span>
     <span class='ocr_line' id='line_1_26' title="bbox 196 1861 1660 1924; baseline 0 -20"><span class='ocrx_word' id='word_1_207' title='bbox 196 1877 220 1904; x_wconf 82' lang='lat' dir='ltr'>a</span> <span class='ocrx_word' id='word_1_208' title='bbox 252 1861 439 1916; x_wconf 86' lang='lat' dir='ltr'>pondere</span> <span class='ocrx_word' id='word_1_209' title='bbox 473 1861 788 1916; x_wconf 80' lang='lat' dir='ltr'>superimposito</span> <span class='ocrx_word' id='word_1_210' title='bbox 817 1862 854 1904; x_wconf 71' lang='lat' dir='ltr'><strong>A</strong></span> <span class='ocrx_word' id='word_1_211' title='bbox 874 1862 1087 1903; x_wconf 69' lang='lat' dir='ltr'>Pinfleeti</span> <span class='ocrx_word' id='word_1_212' title='bbox 1122 1864 1303 1924; x_wconf 81' lang='lat' dir='ltr'>poterit,</span> <span class='ocrx_word' id='word_1_213' title='bbox 1340 1862 1476 1904; x_wconf 87' lang='lat' dir='ltr'>multo</span> <span class='ocrx_word' id='word_1_214' title='bbox 1512 1866 1660 1919; x_wconf 80' lang='lat' dir='ltr'>magis,</span> 
     </span>
     <span class='ocr_line' id='line_1_27' title="bbox 199 1921 1639 2004; baseline 0.001 -37"><span class='ocrx_word' id='word_1_215' title='bbox 199 1922 423 1967; x_wconf 85' lang='lat' dir='ltr'>accedente</span> <span class='ocrx_word' id='word_1_216' title='bbox 452 1926 626 1979; x_wconf 87' lang='lat' dir='ltr'>proprio</span> <span class='ocrx_word' id='word_1_217' title='bbox 653 1928 857 2004; x_wconf 78' lang='lat' dir='ltr'>pondere,</span> <span class='ocrx_word' id='word_1_218' title='bbox 879 1926 1002 1967; x_wconf 85' lang='lat' dir='ltr'>talem</span> <span class='ocrx_word' id='word_1_219' title='bbox 1032 1921 1311 2004; x_wconf 80' lang='lat' dir='ltr'>inflexionern</span> <span class='ocrx_word' id='word_1_220' title='bbox 1340 1928 1427 2001; x_wconf 84' lang='lat' dir='ltr'>pati</span> <span class='ocrx_word' id='word_1_221' title='bbox 1459 1927 1639 1996; x_wconf 79' lang='lat' dir='ltr'>debebit.</span> 
     </span>
    </p>
   </div>
   <div class='ocr_carea' id='block_1_5' title="bbox 196 2000 1661 2273">
    <p class='ocr_par' dir='ltr' id='par_1_6' title="bbox 411 2000 1658 2086">
     <span class='ocr_line' id='line_1_28' title="bbox 411 2000 1658 2086; baseline 0.002 -16"><span class='ocrx_word' id='word_1_222' title='bbox 411 2061 420 2070; x_wconf 90' lang='lat'><strong>.</strong></span> <span class='ocrx_word' id='word_1_223' title='bbox 459 2043 531 2080; x_wconf 77' lang='lat'><strong>2..4.</strong></span> <span class='ocrx_word' id='word_1_224' title='bbox 596 2029 805 2080; x_wconf 85' lang='lat' dir='ltr'>Ponamus</span> <span class='ocrx_word' id='word_1_225' title='bbox 840 2033 973 2086; x_wconf 82' lang='lat' dir='ltr'>igitur</span> <span class='ocrx_word' id='word_1_226' title='bbox 1001 2041 1048 2073; x_wconf 84' lang='lat' dir='ltr'>vt</span> <span class='ocrx_word' id='word_1_227' title='bbox 1062 2032 1201 2086; x_wconf 67' lang='lat' dir='ltr'>supra</span> <span class='ocrx_word' id='word_1_228' title='bbox 1229 2000 1461 2086; x_wconf 69' lang='lat' dir='ltr'>abscissam</span> <span class='ocrx_word' id='word_1_229' title='bbox 1473 2009 1658 2085; x_wconf 63' lang='grc' dir='ltr'><strong>ΑΧςκ</strong></span> 
     </span>
    </p>

    <p class='ocr_par' dir='ltr' id='par_1_7' title="bbox 196 2085 1661 2273">
     <span class='ocr_line' id='line_1_29' title="bbox 197 2085 1656 2158; baseline 0 -20"><span class='ocrx_word' id='word_1_230' title='bbox 197 2106 242 2138; x_wconf 87' lang='lat' dir='ltr'>et</span> <span class='ocrx_word' id='word_1_231' title='bbox 286 2095 537 2150; x_wconf 81' lang='lat' dir='ltr'>applicatam</span> <span class='ocrx_word' id='word_1_232' title='bbox 582 2093 822 2150; x_wconf 73' lang='lat' dir='ltr'>XYzy3</span> <span class='ocrx_word' id='word_1_233' title='bbox 871 2107 996 2148; x_wconf 85' lang='lat' dir='ltr'>atque</span> <span class='ocrx_word' id='word_1_234' title='bbox 1031 2110 1053 2136; x_wconf 88' lang='lat' dir='ltr'>a</span> <span class='ocrx_word' id='word_1_235' title='bbox 1088 2097 1314 2158; x_wconf 82' lang='lat' dir='ltr'>pondere</span> <span class='ocrx_word' id='word_1_236' title='bbox 1320 2085 1590 2145; x_wconf 82' lang='lat' dir='ltr'>incumbente</span> <span class='ocrx_word' id='word_1_237' title='bbox 1625 2097 1656 2138; x_wconf 90' lang='lat' dir='ltr'>P</span> 
     </span>
     <span class='ocr_line' id='line_1_30' title="bbox 196 2154 1658 2214; baseline 0 -12"><span class='ocrx_word' id='word_1_238' title='bbox 196 2161 246 2202; x_wconf 82' lang='lat' dir='ltr'>ad</span> <span class='ocrx_word' id='word_1_239' title='bbox 297 2159 576 2201; x_wconf 83' lang='lat' dir='ltr'>inflexionem</span> <span class='ocrx_word' id='word_1_240' title='bbox 627 2159 670 2200; x_wconf 90' lang='lat' dir='ltr'>in</span> <span class='ocrx_word' id='word_1_241' title='bbox 720 2161 878 2214; x_wconf 61' lang='lat' dir='ltr'>puncto</span> <span class='ocrx_word' id='word_1_242' title='bbox 910 2159 951 2200; x_wconf 88' lang='lat' dir='ltr'>Y</span> <span class='ocrx_word' id='word_1_243' title='bbox 985 2154 1310 2214; x_wconf 71' lang='lat' dir='ltr'>producendam&#39;</span> <span class='ocrx_word' id='word_1_244' title='bbox 1350 2161 1512 2203; x_wconf 71' lang='lat' dir='ltr'>otietur</span> <span class='ocrx_word' id='word_1_245' title='bbox 1563 2173 1658 2202; x_wconf 87' lang='lat' dir='ltr'>mo-</span> 
     </span>
     <span class='ocr_line' id='line_1_31' title="bbox 910 2222 1661 2273; baseline 0.004 -8"><span class='ocrx_word' id='word_1_246' title='bbox 910 2222 955 2265; x_wconf 93' lang='lat' dir='ltr'><strong>V</strong></span> <span class='ocrx_word' id='word_1_247' title='bbox 994 2235 1018 2273; x_wconf 77' lang='lat' dir='ltr'>a</span> <span class='ocrx_word' id='word_1_248' title='bbox 1466 2234 1661 2270; x_wconf 85' lang='lat' dir='ltr'>mentum</span> 
     </span>
    </p>
   </div>
  </div>
 </body>
</html>
