1835 2553
588 169 702 222 »2023
768 164 782 224 )
821 177 908 218 245
947 162 964 221 (
1027 163 1145 215 &tezo-

121 295 157 326 a.
177 296 213 325 α.
233 280 271 324 b.
307 281 500 331 FunduS‚
549 279 657 322 liber
705 295 728 321 a
785 279 1023 335 ligamentis
1068 287 1109 320 et
1160 278 1436 332 adhaesione,
1489 280 1601 325 inter

312 347 431 390 lobos
461 345 618 400 hepatis
648 344 755 386 solus
786 346 1005 396 eminens,
1042 345 1259 400 magisque
1294 346 1466 401 reliquis
1502 360 1601 403 par-

312 411 421 454 tibus
455 410 637 451 inflatus.

188 486 228 530 b.
311 487 444 530 Fundi
480 498 614 542 apex,
651 485 719 528 seu
756 484 850 527 finis
887 496 1132 537 extremus,
1180 488 1253 543 qui
1288 488 1330 529 in
1367 487 1443 529 fitu
1478 497 1602 530 natu·

309 552 384 594 rali
420 561 515 593 ante
550 551 679 606 hepar
723 551 881 593 sursum
918 552 1098 606 respicit.
1578 549 1585 556 “

120 645 158 675 a.
176 644 212 675 α.
231 642 264 672 c.
283 628 320 671 d.
354 628 475 671 Tota
524 627 627 669 haec
679 640 773 682 pars
825 629 1063 682 ligamentis
1113 631 1304 685 partim,
1356 608 1597 687 partimque

309 693 504 736 cellulosa
539 692 684 746 hepati
722 705 805 733 non
843 694 973 734 modo
1008 693 1182 736 adharet
1203 725 1214 746 ,
1249 696 1315 738 sed
1349 696 1453 739 latet
1490 709 1598 752 quo·

311 771 392 812 que
429 755 823 812 profundius·inter
855 756 975 798 lobos
1011 756 1190 813 hepatis.

121 852 159 880 a.
196 850 228 880 e.
263 850 296 879 c.
332 836 465 878 Latus
500 834 549 876 ad
584 833 714 888 hepar
749 833 1023 888 applicatum.

119 927 157 956 a.
185 911 222 970 s.
257 911 296 953 d.
333 912 459 954 Latus
497 910 544 951 ab
580 909 734 963 hepate
768 909 974 951 auersum.

120 1002 157 1032 a.
175 1002 213 1030 a.
235 1000 266 1030 e.
278 986 315 1045 f
339 987 433 1028 Pars
468 984 674 1027 vesiculae
710 983 830 1038 plicis
865 986 976 1027 intus
1012 999 1160 1028 vacua.

104 1065 200 1122 e.f.
220 1078 252 1107 c.
273 1064 309 1106 d.
331 1064 427 1104 Pars
462 1064 668 1117 posterior
703 1062 824 1116 plicis
860 1063 1022 1118 repleta
1054 1074 1099 1105 et
1136 1063 1382 1108 folliculosa.

151 1153 190 1197 g.
225 1139 266 1182 h.
310 1140 564 1193 Ligamenta
613 1140 823 1182 anteriora
865 1140 1073 1190 lateralia,
1126 1141 1373 1184 membrana
1407 1144 1519 1187 inter
1552 1148 1593 1189 se

311 1216 528 1253 connexa,
580 1204 729 1257 quibus
777 1206 963 1245 anterior
998 1205 1200 1247 vesiculae
1235 1220 1327 1260 pars
1363 1207 1504 1262 hepati
1539 1212 1598 1252 al-

310 1268 476 1322 ligatur.
510 1279 538 1320 g
617 1266 747 1320 Quod
782 1279 836 1308 ex
871 1267 999 1308 latere
1034 1268 1118 1309 hoc
1155 1269 1338 1319 veficae,
1383 1274 1497 1325 quod
1531 1288 1598 1315 re-

310 1330 626 1386 praesentatur,
661 1327 687 1369 h
722 1330 927 1383 alterum,
963 1332 1077 1387 quod
1113 1345 1169 1374 ex
1202 1333 1398 1389 oppofito
1432 1337 1595 1380 veficae

311 1395 462 1445 latere,
496 1394 724 1437 deriuatur.

155 1474 182 1517 i.
233 1474 528 1528 Ligamentum
579 1470 784 1525 posterius
835 1472 1166 1528 longitudinale‚
1218 1477 1331 1529 quod
1377 1478 1420 1517 in
1467 1478 1597 1519 latere

311 1536 369 1594 (e.
390 1532 449 1589 c.)
480 1548 611 1590 Vsque
645 1535 694 1575 ad
731 1536 978 1578 diuisionem
1014 1539 1097 1579 fere
1132 1539 1278 1580 ductus
1314 1541 1455 1591 cystici
1491 1555 1595 1582 con-

309 1598 521 1649 tinuabat,
573 1610 615 1641 et
650 1599 766 1642 cuius
803 1613 883 1659 ope
920 1601 1024 1644 hacc
1066 1615 1161 1659 pars
1212 1602 1401 1662 (e.f.k.)
1451 1605 1594 1662 hepati

310 1663 573 1706 adhaerebat.

185 1739 221 1783 k.
304 1737 464 1781 Dudtus
500 1740 689 1793 cysticus.

154 1813 181 1857 l.
218 1825 267 1854 m.
302 1813 402 1855 Duo
437 1815 580 1856 duetus
616 1815 812 1870 hepatici.

185 1905 222 1933 n.
313 1891 475 1955 Ductus
510 1892 807 1938 choledochus.

753 2016 792 2067 F
793 2017 854 2082 ig.
889 2016 946 2066 ΙΙ.

311 2100 505 2144 Veficula
538 2102 655 2145 fellea
688 2103 979 2158 longitudinali
1013 2103 1192 2146 sedtione
1227 2111 1386 2155 aperta.

119 2165 274 2209 a‚b.h.
310 2166 445 2209 Fundi
478 2169 633 2210 cauitas
668 2168 761 2225 (fig.
798 2181 836 2209 1.
872 2185 911 2210 α.
935 2171 971 2212 h.
991 2166 1058 2223 a.)

776 2264 865 2308 Hh
903 2277 926 2317 3
1486 2266 1588 2313 b..b
