1835 2553
639 185 754 235 »2233
811 179 834 236 ')
873 193 927 219 21
967 177 982 236 (
1051 181 1167 231 Q<-

350 300 387 350 §-
417 308 467 338 ‘2.
533 293 642 337 Istud
690 304 830 335 autem
884 295 1101 348 egregium
1153 295 1374 337 inuentum
1413 310 1466 339 eo
1503 299 1634 352 magis

162 362 251 405 sum
287 364 539 408 admiratus,
590 359 704 413 quod
740 359 937 412 equidem
975 359 1136 414 semper
1171 372 1447 414 putaueram,
1507 363 1634 404 talem

161 428 415 470 methodum
450 425 492 464 in
528 423 815 477 inuestigando
865 424 1020 464 idoneo
1069 425 1248 474 faetore,
1300 439 1386 480 quo
1438 428 1633 481 aequatio

161 491 376 548 proposita
410 488 668 542 integrabilis
704 489 965 539 redderetur,
1002 490 1145 543 quaeri
1182 501 1397 544 oportere,
1428 505 1523 532 cum
1547 492 1639 532 vul-

161 569 218 611 go
250 555 388 596 omnis
435 554 660 594 methodus
704 553 939 607 integrandi
974 555 1043 594 vel
1077 556 1118 594 in
1157 554 1418 608 separatione
1456 555 1636 596 variabi-

162 620 291 669 lium‚
329 618 399 660 vel
433 620 477 659 in
511 619 668 658 idoneo
704 618 1037 672 multiplicatore
1070 620 1281 660 contineri
1318 621 1536 667 videatur,
1580 630 1643 661 et-

151 683 279 725 ¹'iamsi
315 683 442 725 certis
478 683 634 724 casibus
670 694 841 735 quoque
890 683 975 736 ipsa
1009 683 1398 725 differentiano-ad
1435 684 1642 738 integrale

149 748 394 804 “perducere
429 757 577 803 queat,
616 747 978 800 quemadmodum
1015 757 1103 788 tam
1139 761 1268 789 a-me
1303 749 1393 803 ipso
1427 761 1556 802 quam
1592 747 1643 789 ab

165 813 253 854 aliis
289 826 365 867 per
399 812 582 866 plurima
615 810 815 863 exempla
850 810 908 850 est
943 811 1168 855 ostensum.
1249 811 1319 853 Ad
1355 812 1463 853 hanc
1496 822 1644 853 autem

165 878 335 918 tertiam
370 877 486 917 viam
522 875 591 916 illa
624 874 709 930 ipsa
736 871 961 915 methodus
982 872 1226 927 Grangiana
1249 877 1331 916 rite
1366 876 1513 917 referri
1547 878 1644 931 pos-

164 941 204 983 se
237 942 422 983 videtur.

359 1068 397 1118 ξ.
422 1074 476 1116 ’3.
547 1066 804 1123 Quanquam
842 1078 984 1109 autem
1022 1067 1146 1110 facile
1181 1069 1236 1110 est
1272 1068 1454 1111 inuentis
1489 1067 1647 1122 aliquid

166 1132 343 1182 addere,
397 1143 537 1173 tamen
574 1134 615 1173 in
652 1146 697 1173 re
729 1144 813 1173 tam
851 1135 977 1174 ardua
1013 1135 1247 1189 plurimum
1284 1134 1501 1178 intererit,
1538 1133 1646 1174 hanc

172 1197 429 1238 methodum
465 1197 513 1238 ab
550 1198 699 1239 lllustri
734 1197 776 1239 la
810 1197 976 1252 Grange
1014 1198 1243 1240 adhibitam
1281 1199 1516 1240 accuratius
1552 1210 1647 1252 per-

141 1261 350 1316 ,pendiffe
406 1273 531 1315 atque
568 1263 617 1303 ad
652 1262 772 1302 vsum
817 1263 1074 1314 analyticum
1113 1264 1244 1316 magis
1281 1263 1647 1315 accommodaffe;

169 1323 371 1377 siquidem
408 1335 547 1366 totum
586 1327 804 1379 negotium
842 1327 980 1368 multo
1026 1327 1184 1368 facilius
1221 1340 1267 1369 ac
1303 1327 1644 1381 simplicius-ex·

170 1388 305 1442 pediti
341 1389 453 1441 poffe
487 1390 678 1441 videtur,
712 1391 1019 1441 quamobram,
1071 1404 1176 1444 quae
1212 1392 1264 1432 de
1300 1391 1383 1432 hoc
1419 1401 1646 1445 argumen-

173 1461 241 1500 to,
295 1452 408 1503 quod
456 1455 614 1494 merito
660 1455 838 1494 maximi
885 1456 1092 1495 momenti
1129 1455 1184 1495 est
1220 1455 1500 1505 censendum,
1552 1453 1643 1495 sum

172 1515 425 1564 meditatus,
460 1515 530 1557 hic
566 1518 660 1558 data
693 1529 825 1571 opera
859 1518 982 1559 fufius
1019 1519 1108 1558 sum
1146 1520 1426 1572 expoflturuS.

362 1644 398 1694 ξ.
432 1657 474 1695 4.
546 1641 764 1698 Quoniam
816 1656 957 1688 autem
1009 1645 1092 1687 hoc
1148 1647 1353 1702 integrale
1398 1645 1447 1687 ab
1492 1641 1645 1688 Illustri

172 1706 215 1749 Ia
249 1705 414 1761 Grange
456 1709 704 1759 inuentum,
758 1710 809 1751 ab
844 1712 891 1752 iis
928 1711 1078 1752 formis
1114 1725 1216 1765 quas
1254 1710 1345 1766 ipse
1381 1711 1485 1752 olim
1521 1711 1645 1752 dede·

174 1783 280 1819 ram,
315 1772 548 1822 plurimum
582 1772 808 1828 discrepat,
864 1789 910 1817 ac
947 1776 1211 1830 simplicitate
1249 1789 1334 1817 non
1371 1775 1645 1816 mediocriter

176 1833 416 1882 antecellit,
467 1847 563 1879 ante
607 1841 753 1880 omnia
795 1840 932 1881 visum
987 1841 1042 1882 est
1095 1840 1256 1890 scitari,
1308 1840 1531 1895 quomodo
1576 1851 1647 1878 ae·

175 1897 366 1951 quationi
417 1897 682 1944 differentiali
733 1903 969 1946 satisfaciat.
1070 1905 1197 1947 Hunc
1248 1907 1293 1946 in
1342 1903 1477 1946 finem
1526 1914 1648 1959 pono

175 1961 294 2004 breu.
328 1974 390 2016 gr.
426 1958 794 2011 VX—i-VY:
816 1968 884 2017 V,
919 1979 965 2010 vt
1000 1968 1176 2010 habeam

382 2020 405 2044 V

363 2053 426 2094 ες,
451 2024 802 2086 ‡V=(A÷D
838 2031 1023 2089 (μὶ-1)
1056 2040 1123 2080 -ῑ-
1156 2029 1456 2089 E(x-÷-y)²)‚

177 2109 304 2151 quam
349 2100 646 2153 aequationem
691 2101 749 2143 ita
791 2101 1076 2144 differentiare
1120 2111 1318 2157 oportet,
1371 2110 1420 2142 vt
1453 2099 1646 2142 constans

158 2161 400 2204 *arbitraria
435 2167 476 2206 Δ
511 2175 570 2208 ex
599 2162 866 2210 differentiali
908 2168 1101 2209 excedat.
1182 2163 1344 2211 Sumtis
1378 2165 1510 2222 igitur
1544 2176 1650 2220 qua-

178 2224 306 2270 dratis
339 2226 424 2270 erit
688 2223 694 2228 ”

884 2291 924 2339 C
961 2305 988 2348 a
1557 2284 1602 2312 ν’

1509 2328 1541 2361 (σε
1550 2331 1630 2366 -yl
1636 2326 1653 2345 ²
