1835 2553
694 185 808 236 »223ss
874 180 1068 240 )318(
1131 181 1245 232 &3030-

224 299 311 341 lum
350 297 548 339 mihimet
581 296 655 350 ipsi
691 296 961 337 satisfacerem
985 325 995 344 ‚
1032 296 1097 336 sed
1135 296 1261 336 etiam
1298 305 1368 335 eos
1401 292 1685 334 Astronomo-

224 377 318 405 rum
374 363 627 403 conuincere
664 361 821 415 pofl‘em
844 391 855 411 ,
907 360 1053 412 quibus
1089 373 1181 401 mea
1216 359 1512 400 determinatio
1550 358 1684 400 adhuc

224 427 447 469 videbatur
487 426 643 475 dubia,
697 438 811 466 nouo
847 425 1043 465 examine
1082 425 1254 465 eandem
1293 423 1468 464 stabilire
1505 433 1545 462 et
1580 435 1682 462 con-

223 491 393 532 firmare
444 491 651 532 constitui.
737 486 846 530 Cum
893 489 1021 541 igitur
1066 490 1108 529 in
1147 489 1356 543 prioribus
1392 487 1682 538 ostendissem,

223 556 449 598 Elementa
486 570 508 596 a
543 568 610 596 me
646 555 841 603 inuenta,
879 564 986 605 quae
1024 554 1207 605 tempori
1242 552 1460 593 Periodico
1497 551 1683 605 quinque

223 633 433 661 annorum
471 633 567 660 cum
603 618 781 659 dimidio
813 626 932 657 erant
956 617 1289 666 accommodata,
1325 615 1683 656 obseruationibus

224 682 431 726 Cometae
480 683 625 724 saltem
675 681 851 723 secunda
896 681 983 720 eius
1020 680 1283 733 apparitione
1318 681 1466 730 factis,
1517 679 1684 732 egregie

222 749 476 798 satisfacere,
528 760 638 786 nunc
676 746 726 786 ad
763 745 928 798 plenam
965 744 1278 785 conuic‘tionem
1316 744 1449 785 adhuc
1486 743 1685 784 desidera-

221 813 357 863 batur,
396 822 440 852 vt
473 812 629 852 ostendi
665 811 820 864 posset,
854 808 978 849 aucto
1015 808 1279 862 aliquantum
1315 818 1507 861 tempore
1543 806 1686 847 Perio-

220 877 318 918 dico
357 873 578 924 Cometae,
613 874 820 920 eiusmodi
855 872 1080 914 Elementa
1117 887 1194 926 pro
1218 873 1303 914 eius
1335 872 1470 912 orbita
1489 871 1683 920 inueniri,

222 954 328 995 quae
366 953 449 980 non
487 953 617 993 aeque
653 938 757 979 bene
791 937 1148 979 obseruationibus
1185 935 1476 977 satisfaciendis
1516 935 1688 975 inserui-

221 1015 328 1055 rent,
365 1017 533 1057 quoque
576 1004 707 1043 maius
746 1011 1016 1054 augmentum
1055 1002 1238 1054 tempori
1269 1000 1492 1041 Periodico
1528 999 1682 1039 tribua-

222 1079 319 1117 tur,
371 1080 424 1107 eo
469 1066 711 1118 insigniores
757 1065 1114 1109 obseruationibus
1162 1066 1302 1103 induci
1346 1076 1521 1104 errores.
1592 1062 1689 1116 Qua

223 1143 365 1173 autem
403 1132 564 1170 ratione
600 1129 682 1168 hoc
719 1138 1015 1179 argumentum
1051 1127 1347 1175 instruximus,
1399 1126 1440 1166 id
1478 1138 1574 1165 cum
1610 1126 1688 1166 alia

224 1195 440 1240 occasione
484 1194 568 1231 iam
615 1205 635 1230 a
672 1190 788 1230 nobis
831 1190 1034 1229 succincte
1069 1190 1116 1228 fit
1151 1190 1422 1241 expositum,
1480 1188 1687 1240 prolixius

224 1258 394 1312 quidem
432 1255 500 1297 hic
538 1256 699 1295 tradere
735 1252 1050 1303 constituimu53
1086 1252 1211 1305 idque
1247 1263 1297 1291 eo
1333 1251 1472 1303 potius
1509 1251 1622 1302 quod
1645 1251 1687 1290 iu

224 1323 304 1368 hac
357 1320 645 1374 disquisitione
699 1317 817 1358 varia
864 1317 1135 1366 inuenimus,
1189 1328 1295 1369 quae
1341 1313 1608 1368 opinionibus
1645 1314 1689 1356 in

224 1387 358 1442 priori
396 1387 447 1426 de
482 1385 563 1424 hoc
601 1391 852 1436 argumento
890 1380 1188 1422 Differtatione
1225 1380 1420 1428 traditis,
1463 1378 1687 1419 emendan-

226 1453 287 1493 dis
325 1451 365 1491 ἃ
404 1449 661 1502 corrigendis
699 1447 899 1487 inseruire
936 1444 1126 1485 debeant.
1194 1444 1242 1484 In
1272 1444 1523 1498 exponenda
1546 1452 1689 1484 autem

223 1517 328 1558 serie
359 1515 595 1554 nostrorum
623 1522 986 1565 argumentorum,
1023 1509 1203 1549 eundem
1242 1509 1462 1561 sequemur
1481 1508 1688 1558 ordinem,

225 1593 352 1634 quem
400 1579 440 1618 in
491 1577 634 1617 nostris
683 1574 1030 1616 meditationibus
1078 1574 1204 1613 secuti
1243 1573 1412 1622 sumus,
1465 1581 1513 1612 vt
1547 1580 1690 1626 pateat

224 1658 350 1698 quam
389 1643 531 1683 exacte
569 1652 610 1681 et
647 1639 881 1695 scrupulose
919 1639 1101 1680 nostram
1132 1638 1529 1678 demonstrationem
1568 1637 1688 1678 ador-

226 1722 336 1759 nare,
375 1707 515 1750 conati
552 1707 703 1746 sumus.
1349 1701 1352 1705 ’

417 1837 447 1884 (5.
491 1847 529 1875 2.
598 1832 820 1875 Elementa
865 1841 942 1884 pro
991 1827 1127 1868 orbita
1176 1823 1413 1876 Cometae,
1465 1826 1507 1865 in
1558 1824 1720 1878 priori,

226 1902 364 1943 nostra
411 1898 710 1940 Dissertatione
754 1895 905 1943 allata,
957 1893 1052 1933 licet
1090 1891 1448 1932 obseruationibus
1486 1886 1692 1930 cometae

227 1966 402 2007 secunda
440 1965 525 2004 eius
564 1961 822 2016 apparitione
860 1959 1006 2007 facitis,
1062 1968 1146 1996 tam
1185 1956 1289 1996 bene
1329 1954 1607 2002 satisfaciant,
1644 1960 1691 1992 vt

227 2031 363 2071 maim·
401 2028 618 2070 consensus
657 2024 875 2066 desiderari
915 2031 1121 2074 nequeat,
1162 2031 1303 2060 tamen
1340 2019 1390 2059 ab
1427 2018 1533 2066 illis,
1586 2028 1691 2070 quae

225 2095 360 2149 prima
401 2092 662 2147 apparitione
701 2088 838 2129 mense
878 2088 1077 2126 nimirum
1117 2085 1226 2125 lunii
1263 2084 1394 2124 Anno
1435 2093 1581 2132 1770,
1628 2081 1691 2120 in-

226 2161 388 2200 stitutae
429 2158 531 2207 sunt,
570 2155 784 2208 aliquanto
822 2152 952 2204 magis
991 2150 1215 2201 abludunt3
1251 2149 1359 2188 vnde
1396 2148 1486 2188 iure
1521 2143 1692 2186 conclu-

224 2224 265 2264 di
302 2224 414 2276 possi‘e
456 2222 560 2263 mihi
601 2220 839 2267 videbatur,
878 2225 1051 2271 propter
1089 2215 1297 2255 affionem
1336 2211 1496 2253 telluris
1533 2211 1689 2271 inxno-
1748 2250 1754 2255 ⁴

1561 2275 1688 2313 strum
