1835 2553
641 164 755 215 »tete
819 155 983 217 )57(
1048 158 1164 210 &a

171 279 254 322 alio
291 281 420 323 modo
455 275 777 329 integrationem
822 273 1098 315 determinari
1149 271 1375 313 conueniet
1423 269 1556 312 veluti
1591 277 1639 310 vt

170 348 311 402 pofito
335 344 482 397 y:b
516 341 587 382 fiat
622 352 794 387 xza,
832 348 923 379 tum
961 349 1101 381 autem
1138 339 1219 378 erit
1255 335 1326 375 ista
1361 337 1549 377 constans

358 424 398 462 Δ
418 434 472 460 2
505 407 1449 485 c(a⁴÷b⁴)÷Da²b²{ae÷bZ)b—÷-2E0⁴b⁴1⁷qung

876 459 973 478 αα-
1029 451 1051 483 >²

171 502 371 544 existente

356 561 916 612 A.—.C÷Daa-1-Ea⁴
951 573 993 603 et
1027 556 1604 608 Bzrc-beb-i—Ehn

701 688 1091 750 Conclusio.

357 797 392 845 §.
414 805 488 844 79.
557 793 645 848 Qui
679 795 913 848 processum
932 793 1168 845 Analyseos
1205 792 1273 832 hic
1310 792 1482 833 vfitatae
1518 803 1637 832 com-

167 872 315 915 parare
350 860 535 901 voluerit
570 871 666 899 cum
705 858 932 903 methodo,
970 870 1052 910 qua
1086 856 1258 897 Illustris
1294 855 1349 896 D.
1371 859 1416 897 de
1438 857 1479 897 la
1500 855 1637 896 Gran—

161 937 212 979 ge
248 926 342 965 vsus
377 925 434 966 est
469 925 511 964 in
547 920 766 977 Miscellan.
813 922 935 964 Taur.
987 921 1097 962 Tom.
1132 919 1195 960 IV.
1245 919 1365 960 facile
1401 919 1636 974 perspiciet,

167 1001 260 1031 eam
297 988 433 1029 multo
467 987 625 1027 facilius
661 987 710 1026 ad
756 989 929 1040 scopum
975 985 1251 1026 defideratum
1297 985 1528 1038 perducere
1576 992 1639 1022 at·

167 1066 249 1106 que
303 1051 438 1092 multo
490 1051 758 1092 commodius
805 1052 855 1092 ad
902 1053 1074 1104 quosuis
1121 1050 1232 1090 casus
1270 1049 1471 1103 applicari
1507 1047 1637 1102 poss‘e.

162 1115 464 1159 Introduxerat
512 1127 653 1157 autem
699 1113 796 1157 Vir.
843 1115 906 1156 Ill.
951 1119 992 1156 in
1041 1115 1247 1156 calculum
1297 1114 1526 1155 formulam
1561 1105 1614 1143 (Ξ

1574 1149 1596 1173 T
1627 1141 1640 1163 9

160 1189 279 1230 cuius
315 1187 412 1229 loco
447 1189 515 1230 hic
552 1188 729 1244 simplici
766 1187 981 1229 elemento
1015 1188 1076 1228 dt
1120 1186 1260 1227 sumus
1296 1185 1382 1235 Vs1‚
1437 1198 1482 1225 ac
1518 1185 1638 1225 dein-

163 1266 262 1307 ceps
298 1255 579 1305 quantitatem
616 1254 659 1293 T
695 1263 894 1305 tanquam
930 1252 1190 1293 funstionem
1227 1250 1446 1290 literarum
1477 1257 1506 1304 p
1542 1260 1584 1291 et
1612 1263 1636 1304 q

164 1316 392 1370 spectauit,
445 1330 551 1372 quae
596 1317 747 1371 positio
781 1317 871 1358 satis
923 1316 1112 1359 difficiles
1162 1315 1344 1357 calculos
1387 1314 1637 1368 postulauit,

164 1381 266 1422 dum
304 1385 440 1424 nostra
475 1381 680 1423 methodo
715 1380 840 1435 longe
886 1383 1132 1422 concinnius
1182 1380 1350 1420 easdem
1387 1380 1637 1432 integratio-

163 1458 238 1487 nes
274 1446 523 1500 inuestigare
575 1446 708 1487 licuit.
795 1444 1051 1500 Quanquam
1088 1455 1229 1485 autem
1267 1444 1429 1485 nullum
1466 1444 1522 1483 est
1557 1443 1634 1484 du-

159 1510 306 1558 bium,
360 1515 462 1566 quin
507 1511 580 1551 ista
613 1509 849 1561 Analyseos
901 1511 1054 1563 species
1107 1509 1264 1561 insigne
1317 1509 1634 1548 incrementum

161 1574 431 1628 polliceatur,
479 1584 621 1616 tamen
669 1575 858 1615 nondum
910 1585 1050 1628 patet,
1104 1572 1464 1627 quemadmodum
1502 1571 1551 1613 ad
1588 1586 1631 1612 a-

163 1638 587 1693 lias'integratioues
639 1652 686 1680 ea
732 1639 1050 1680 accommodari
1112 1648 1276 1691 queat,
1338 1648 1502 1691 praeter
1554 1636 1632 1677 hos

163 1701 272 1755 ipsos
308 1703 442 1754 casus,
477 1718 582 1758 quos
617 1704 686 1746 hic
722 1704 994 1747 tract-animus
1030 1713 1071 1745 et
1105 1715 1211 1756 quos
1247 1701 1351 1744 olim
1388 1713 1445 1743 cx
1481 1713 1634 1755 aequa-

166 1766 282 1809 tione
318 1770 519 1812 canonica
554 1770 860 1813 deriuaueram.

160 2307 265 2350 Alia
284 2304 406 2348 Acad.
427 2304 519 2361 Imp.
544 2297 610 2350 Sc.
627 2301 735 2345 Tom.
757 2300 807 2344 11.
830 2303 875 2344 Ρ.
895 2299 927 2345 Ι.
1215 2298 1259 2341 Η
1534 2294 1576 2339 D
1593 2295 1630 2338 E
