1835 2553
611 130 725 180 »2²53
793 126 808 185 )
847 142 937 180 147
970 125 988 191 v(
1054 127 1170 178 &tego-

161 248 431 293 constituunt,
470 252 593 299 atque
627 252 718 282 tota
751 241 939 295 quaestio
973 240 1056 282 huc
1083 241 1317 282 reducitur:
1355 252 1497 284 vtrum
1519 243 1630 284 sum-

159 328 229 356 ma
265 312 386 353 huius
421 307 538 360 seriei
574 320 759 361 vnquarn
793 306 886 347 fieri
923 306 1043 360 potiit
1080 306 1212 347 nihilo
1234 307 1430 359 aequalis,
1453 321 1527 349 nec
1551 306 1630 349 ne?

159 379 243 420 Hic
279 373 620 430 primoquidem
659 372 795 413 statim
831 382 962 425 patet,
1002 372 1201 424 quamdiu
1242 383 1438 413 numerus
1475 387 1502 414 v
1539 374 1631 423 fue-

161 444 218 485 rit
253 442 411 482 vnitate
446 440 599 484 minor,
637 438 844 480 summam
883 436 1007 478 huius
1045 436 1158 478 seriei
1199 438 1426 477 necessario
1463 440 1629 491 semper

161 508 239 549 effe
272 505 490 559 pofitiuam
514 534 524 552 ‚
567 502 608 542 id
646 502 758 554 quod
795 503 922 541 etiam
959 502 1128 542 euenire
1160 501 1431 555 deprehendi.
1469 502 1630 543 etiamsi

160 572 279 613 valor
327 569 449 625 ipfius
484 581 512 608 v
550 566 687 607 multo
739 567 873 606 maior
926 567 1164 619 accipiatur.
1246 565 1398 620 Neque
1434 579 1538 608 vero
1574 565 1629 607 ob

157 636 340 679 summas
403 631 551 674 calculi
612 629 881 671 difficultates
935 631 1182 676 centenario
1235 632 1412 674 maiores
1465 631 1630 673 valores

157 699 284 756 ipsius
316 712 347 741 v
385 696 574 740 examini
609 694 753 737 subiici
786 695 967 751 possunt,
1072 700 1075 703 ‘

353 834 387 883 ξ,
428 842 469 879 3.
541 826 884 882 Confugiendum
931 839 1032 881 ergo
1069 828 1158 868 sum
1195 828 1417 871 arbitratus
1454 831 1504 872 ad
1542 843 1633 872 me·
1673 866 1680 875 ‹

162 898 357 946 modum,
385 895 541 936 radices
577 893 876 946 aequationum
911 904 988 944 per
1023 892 1145 932 series
1183 905 1446 934 recurrentes
1481 897 1634 950 explo-

159 963 292 1011 randi,
329 960 482 1014 quippe
517 971 599 1011 qua
634 956 738 996 olim
774 957 858 996 iam
896 957 936 995 in
974 955 1097 996 fimili
1135 957 1425 1009 quaestione,v
1454 971 1551 1001 cum
1589 962 1631 1001 in

157 1037 325 1068 motum
377 1022 675 1063 oscillatorium
722 1032 892 1062 catenae
929 1020 1057 1061 libere
1096 1020 1305 1074 suspensae
1342 1023 1600 1076 inquirerem
1623 1055 1635 1075 ,

154 1088 266 1130 fel‘ici
302 1086 476 1128 successu
515 1086 604 1126 sum
640 1086 761 1138 vsus3
796 1098 946 1126 verum
982 1086 1188 1140 praesenti
1227 1085 1319 1127 casu
1356 1087 1432 1128 ista
1467 1088 1636 1130 metho-

156 1154 233 1195 dus
270 1151 435 1207 penitus
472 1150 679 1191 invtiliter
715 1152 771 1192 est
824 1150 1041 1199 adhibita,
1107 1151 1219 1190 vnde
1256 1150 1507 1194 concludere
1546 1166 1631 1194 non

156 1218 376 1263 dubitaui,
413 1215 549 1255 nullos
585 1215 749 1268 prorsus
786 1227 863 1268 pro
899 1227 926 1254 v
963 1215 1051 1255 dari
1088 1215 1249 1256 valores
1286 1216 1439 1268 reales,
1479 1218 1629 1272 quibus

157 1281 228 1323 illa
260 1281 384 1321 series
422 1279 591 1333 prorsus
628 1278 677 1319 ad
713 1279 893 1320 nihilum
931 1281 1157 1334 redigatur.

349 1411 382 1461 5.
418 1424 462 1461 4.
529 1410 704 1452 Interim
743 1421 881 1452 tame-n
916 1421 1079 1452 certum
1117 1410 1187 1462 est,
1223 1412 1338 1454 istam
1362 1413 1629 1466 methodum,

155 1475 313 1518 radices
351 1475 649 1528 aequationum
687 1490 761 1530 per
798 1477 919 1516 (eries
958 1487 1217 1517 recurrentes
1254 1478 1518 1531 explorandi,
1541 1493 1630 1521 ma-

158 1542 275 1583 xime
310 1541 388 1580 effe
422 1539 642 1590 lubricam,
678 1551 719 1580 et
752 1541 983 1594 saepissime
1021 1542 1061 1579 in
1098 1553 1260 1582 errores
1281 1542 1479 1583 inducere
1498 1545 1627 1598 posse,

159 1605 275 1645 cuius
327 1605 508 1645 derectus
552 1606 724 1646 vuicum
765 1606 1014 1659 exemplum
1051 1606 1231 1647 attulisse
1268 1606 1460 1656 iuuabit,
1513 1609 1628 1650 circa

155 1669 264 1711 hanc
299 1670 593 1722 aequationem
631 1681 793 1711 tantum
830 1670 1049 1712 cubicam:
1091 1678 1485 1723 1-2z4-4zz—-3
1500 1677 1626 1724 z‘:0‚

159 1735 275 1774 cuius
312 1745 393 1773 vna
429 1736 544 1776 radix
581 1734 799 1776 manifesto
835 1736 889 1776 est
928 1748 952 1775 z
975 1749 1028 1774 Ξ
1054 1748 1101 1785 13
1148 1747 1187 1776 at
1224 1736 1249 1776 si
1286 1749 1340 1777 ex
1378 1737 1480 1778 scala
1517 1738 1626 1780 rela-

158 1800 285 1839 tionis
325 1810 364 1845 2,
399 1813 502 1848 —4,
537 1805 578 1845 -1—
601 1812 624 1848 3
663 1800 780 1841 series
816 1812 1035 1840 recurrens
1073 1799 1294 1850 formetur,
1331 1814 1379 1842 ea
1409 1803 1552 1856 prodit

353 1871 1383 1917 1÷2÷0—5—4÷12÷25—10—84‚
1419 1878 1497 1908 etc.

155 1928 267 1968 vnde
302 1927 422 1967 radix
456 1929 623 1980 cognita
656 1929 770 1970 nullo
807 1931 937 1970 modo
973 1929 1166 1970 concludi
1192 1932 1338 1984 potest.
1410 1931 1535 1973 Ratio
1554 1946 1623 1973 au-

156 2001 246 2032 tem
282 1992 402 2032 huius
437 1992 618 2033 descetus
654 1994 694 2033 in
731 1994 935 2034 radicibus
972 1993 1229 2045 imaginariis
1265 1996 1321 2035 est
1357 1998 1622 2048 quaerenda,

156 2066 198 2098 et
244 2057 443 2110 quoniam
491 2058 629 2097 nostra
673 2059 867 2110 aequatio
902 2059 984 2099 sine
1021 2057 1108 2097 vllo
1144 2059 1272 2098 dubio
1307 2059 1540 2112 plurimas,
1593 2062 1621 2102 si

157 2134 245 2161 non
282 2134 428 2162 ornnes
450 2130 475 2170 ,¹⁴
506 2121 689 2162 inuoluit
724 2123 880 2173 radices
915 2123 1207 2176 imaginarias,
1251 2124 1408 2164 mirum
1444 2137 1528 2166 non
1565 2126 1621 2167 est

156 2185 265 2228 hanc
302 2186 596 2239 operationem
634 2186 812 2227 successu
848 2187 1030 2228 caruisse.

836 2249 880 2290 T
918 2263 941 2289 2
1511 2259 1542 2294 6..
1588 2271 1620 2295 ς,
