1835 2553
636 193 750 245 »ἓεῐξ
817 189 831 249 )
870 185 1011 247 244(
1076 192 1192 243 2:23<-

173 308 284 360 c'tae;
319 314 444 358 atque
478 303 519 344 id
555 316 608 345 eo
641 306 793 360 magis,
830 320 926 348 cnm
963 306 1066 347 adeo
1101 303 1235 360 figura
1269 312 1310 345 et
1343 305 1421 347 situ
1444 315 1497 348 et
1531 308 1640 361 posi-

171 373 287 412 tione
322 371 400 411 sint
435 368 587 410 fimiles
622 369 727 422 illis,
780 384 867 425 quo
912 370 1024 426 quafi
1069 368 1247 411 vesicula
1292 369 1454 425 tigridis
1488 371 1638 425 imagi-

171 449 270 478 nem
303 434 496 476 leoninae
530 434 887 490 imperfec'tiorem
923 435 1077 477 referre
1111 434 1293 476 videtur.

361 545 605 589 Similitudo
656 560 756 601 ergo
809 549 986 589 omnino
1037 560 1139 588 vera
1190 558 1360 601 quoque
1412 548 1551 590 existit
1595 549 1638 590 in

172 609 252 651 hac
307 612 497 666 corporis
550 612 752 666 particula
800 612 910 653 inter
947 611 1088 664 tigrim
1126 620 1166 651 et
1199 610 1392 664 leonem3
1445 614 1637 667 quamuis

175 687 224 716 ea
257 675 311 716 ob
346 678 479 717 varias
516 677 771 717 diuersitates
817 675 1077 729 interspersas
1113 686 1199 714 non
1234 675 1339 716 adeo
1373 677 1422 718 fit
1455 678 1641 719 luculen-

174 748 229 779 ta.
314 740 371 780 Et
404 752 530 780 verus
567 740 805 789 charmes,
858 752 944 793 quo
979 739 1097 792 tigris
1133 750 1229 779 cum
1265 738 1387 781 leone
1423 743 1471 782 ad
1507 755 1641 783 vnum

173 804 368 844 ordinem
419 804 620 858 redigitur
674 804 932 854 naturalem,
966 804 1027 844 vti
1064 815 1140 857 per
1173 815 1347 844 omnem
1383 805 1532 859 procul
1567 807 1645 847 du-

172 868 244 908 bio
279 868 475 909 fabricam
529 869 718 924 corporis
771 868 965 920 diffusus,
1016 867 1218 908 vesiculae
1274 867 1420 909 selleae
1472 882 1644 924 quoque

172 934 392 988 impressus
429 934 582 974 existit.

364 1033 532 1088 Aperto
576 1034 701 1075 duetu
747 1036 923 1087 cystico,
975 1035 1143 1077 inanem
1179 1033 1290 1076 hunc
1325 1036 1462 1090 reperi
1499 1045 1540 1076 et
1573 1048 1648 1078 va-

178 1112 304 1140 cuum
340 1098 458 1152 plicis
495 1108 537 1138 et
572 1098 730 1138 cellulis
761 1100 802 1139 in
843 1100 992 1152 tigride
1029 1112 1159 1153 aeque
1194 1112 1239 1138 ac
1273 1099 1317 1137 in
1352 1100 1489 1139 leone.
1538 1100 1644 1140 Lae-

176 1165 241 1203 vis
278 1163 332 1203 est
369 1163 481 1202 intus
516 1163 559 1201 in
596 1162 766 1203 animali
813 1174 996 1215 Vtroque
1032 1175 1074 1204 et
1108 1163 1212 1203 ssriis
1249 1163 1379 1205 modo
1413 1163 1645 1216 longitudi-

177 1225 336 1267 nalibus
372 1234 565 1277 notatus3
601 1227 839 1267 eminentiis
876 1228 1053 1265 omnino
1089 1235 1214 1265 caret.

368 1332 642 1378 Contrarium
680 1335 802 1390 plane
837 1336 879 1376 in
915 1335 1090 1376 homine
1121 1333 1386 1385 obseruatur,
1419 1334 1536 1377 cuius
1571 1349 1647 1379 ve-

179 1400 304 1443 sicula
339 1401 460 1455 plicis
505 1401 670 1455 priuata
711 1400 823 1451 fere,
875 1401 1021 1442 duCtus
1066 1411 1214 1441 contra
1257 1399 1541 1442 refertissimus
1576 1403 1644 1443 est.

180 1465 262 1508 Sed
297 1465 473 1519 pulchra
507 1465 608 1506 haec
652 1463 807 1506 fabrica
841 1464 1048 1514 humana,
1084 1477 1190 1518 quae
1225 1473 1310 1504 tam
1345 1464 1461 1505 varia
1494 1464 1537 1506 in
1571 1478 1648 1506 va-

177 1531 249 1570 riis
299 1530 563 1570 biliferorum
615 1528 810 1570 vasorum
851 1530 1061 1584 partibus,
1106 1541 1182 1568 nec
1221 1529 1395 1581 cognita
1438 1528 1561 1582 plane
1598 1543 1646 1571 ac

180 1593 367 1648 penitus,
419 1603 466 1633 vt
502 1593 679 1647 opinor,
731 1595 810 1644 est,
862 1594 1036 1648 proprio
1071 1591 1264 1633 sermone
1308 1592 1474 1632 definiri
1512 1595 1651 1635 minu-

180 1659 262 1699 tius
308 1670 388 1710 que
435 1658 636 1711 explicari
682 1669 891 1711 meretur3
941 1658 1065 1712 idque
1101 1669 1153 1697 eo
1189 1657 1344 1710 magis,
1389 1670 1486 1697 cum
1531 1668 1650 1699 ante-

180 1735 306 1776 quam
343 1722 510 1762 iconem
546 1721 670 1762 huius
705 1722 907 1763 veficulae
960 1733 1197 1775 exponam,
1250 1719 1486 1761 consultum
1541 1722 1647 1763 mihi

182 1788 261 1828 effe
296 1786 467 1827 videtur
503 1786 704 1840 quaedam
757 1799 1036 1841 praemonere
1070 1786 1120 1826 de
1156 1785 1431 1825 inconstantia
1466 1785 1645 1826 fabricae

180 1852 369 1904 corporis
416 1850 587 1890 humani
634 1851 890 1903 generatim,
945 1859 987 1891 et
1020 1850 1071 1891 de
1107 1849 1308 1903 eligendis
1344 1850 1393 1890 ad
1427 1848 1544 1891 illam
1577 1863 1648 1891 re-

179 1914 522 1970 praesentandam
561 1913 882 1968 exemplaribus.

825 2019 879 2071 Fi
907 2038 926 2072 ·.
958 2021 992 2071 Ι.

0 2104 58 2144 'ab.
87 2101 173 2143 Vll.
302 2101 500 2145 Veficula
546 2103 666 2145 fellea
717 2037 1108 2158 tigridisgintegra‚
1159 2115 1214 2145 ex
1268 2103 1421 2159 hepate
1472 2105 1648 2155 reseaa,

345 2168 478 2222 figura
530 2169 817 2222 magnitudine
868 2171 1058 2211 naturali.
1143 2167 1256 2212 Situs
1303 2180 1352 2211 vt
1402 2170 1446 2211 in
1498 2168 1649 2222 hepate

341 2232 495 2274 sursum
530 2233 701 2275 reflexo.

1499 2308 1538 2338 a.
1556 2307 1594 2337 a.
1610 2295 1650 2338 b.
