1835 2553
606 192 722 246 -sate
789 188 804 249 )
842 186 929 244 37‘1
969 188 986 250 (
1049 185 1175 244 scca«-

155 320 299 352 rerum
352 319 532 362 aequum
582 305 763 347 iudicem
802 305 920 346 nobis
957 304 1239 357 largiturum,
1293 305 1406 358 quod
1442 304 1617 347 dubium

156 374 260 416 istud
283 403 294 422 ‚
342 386 427 428 quo
473 370 661 414 Celebris
697 371 869 424 quidam
915 369 1197 411 Astronomus
1232 369 1352 410 vsum
1388 370 1619 423 Eclipsium

155 436 384 488 Solarium,
420 438 469 479 ad
504 435 841 477 determinandas
882 434 1185 487 Longitudines
1220 434 1427 483 locorum,
1468 435 1618 475 infrin-

152 515 251 557 gere
288 502 455 551 voluit‚
496 513 581 541 non
617 500 704 540 eius
741 499 819 541 effe
858 499 1100 549 momenti,
1148 512 1194 540 ac
1227 498 1311 552 ipse
1345 498 1415 538 fibi
1452 498 1619 553 persua-

153 567 272 608 serat.
339 565 563 607 Existimat
616 564 731 605 enim
782 564 855 605 has
908 563 1219 604 obseruationes
1265 575 1345 617 pro
1380 562 1463 604 fine
1499 576 1619 603 com-

153 639 426 679 memoratO,
479 642 533 671 eo
577 629 730 670 minori
782 641 879 669 cum
915 628 1049 669 frusta
1087 628 1273 669 adhiberi
1310 627 1451 681 posse,
1505 627 1619 681 quod

153 695 440 737 conclusiones
475 707 549 749 per
583 693 764 735 calculos
801 703 973 738 erutae,
1010 693 1186 747 infignes
1221 692 1474 732 variationes
1512 692 1619 731 subi·

150 771 197 800 re
233 769 413 814 queant,
449 768 624 813 propter
658 758 969 806 correffimes,
1004 757 1153 810 quibus
1189 757 1415 798 Elementa
1455 756 1617 805 calculi,

150 832 302 878 vtpote
336 823 579 878 Longitudo
613 832 656 863 et
689 821 890 863 Latitudo
928 822 1083 872 Lunae,
1119 821 1346 863 Parallaxis
1382 819 1617 861 etDiame-

151 897 217 928 ter
268 888 410 929 Lunae
466 886 648 928 adfectae
699 887 776 927 effe
836 886 1014 940 poss‘unt.
1095 884 1263 927 Verum
1319 895 1617 940 praeterquam

151 952 266 1005 quod
312 951 524 993 nonnullis
571 951 712 991 saltem
751 951 792 990 in
830 950 1295 1005 cafibus·*-principalem
1331 949 1482 990 harum
1522 963 1619 989 cor-

148 1016 401 1066 reffionum,
442 1016 687 1056 Latitudinis
723 1015 924 1056 nimirum
961 1015 1119 1064 Lunae,
1158 1016 1302 1056 exacte
1334 1015 1616 1055 determinare

145 1077 296 1129 liceat,
347 1079 506 1120 etiamfi
557 1091 727 1131 quoque
780 1078 858 1118 hae
911 1079 1196 1118 correctiones
1232 1079 1355 1132 plane
1393 1086 1618 1118 manerent

147 1143 418 1196 incognitae,
456 1152 597 1182 tamen
631 1140 823 1182 incidunt
858 1142 970 1181 caius
992 1171 1002 1189 ,
1039 1141 1186 1192 quibus
1223 1155 1298 1194 per
1334 1142 1616 1194 comparatio-

147 1218 246 1246 nem
282 1205 600 1247 conclusionum
624 1233 634 1251 ,
674 1205 715 1242 in
754 1203 903 1253 quibus
939 1204 1220 1244 correctiones
1255 1200 1292 1253 δ,
1319 1217 1366 1255 y,
1406 1218 1436 1244 π
1473 1217 1614 1257 neque

147 1270 237 1310 sete
283 1270 440 1322 magnis
486 1264 819 1308 coefficientibus
855 1263 1136 1317 adficiuntur,
1183 1267 1445 1308 differentiae
1482 1267 1616 1308 Meri-

149 1334 374 1374 dianorum
421 1331 752 1385 independenter
793 1330 843 1370 ab
876 1328 940 1370 his
976 1331 1305 1372 correctionibus
1342 1332 1616 1374 determinari

148 1397 330 1454 poss'unt.
401 1392 626 1436 Caeterum
672 1394 700 1434 fi
736 1406 1040 1449 nonnunquam
1087 1397 1329 1450 continget,
1363 1407 1409 1437 vt
1444 1397 1617 1439 conclu-

148 1461 285 1515 {iones
322 1475 344 1500 a
379 1458 546 1500 diuersis
581 1458 810 1512 Eclipfibus
846 1458 1009 1500 elicitae
1044 1460 1303 1514 aliquantum
1340 1463 1450 1502 inter
1485 1462 1523 1502 se
1551 1461 1616 1501 di-

146 1525 356 1578 screpent,
392 1523 732 1579 perpendendum
769 1523 839 1573 est,
880 1523 952 1565 has
988 1523 1300 1566 obseruationes
1335 1539 1413 1580 pro
1449 1525 1616 1579 quanti-

145 1589 301 1630 tatibus
337 1587 592 1644 praecifione
628 1584 897 1630 Geometrica
934 1587 1116 1630 definitis
1154 1602 1238 1630 non
1274 1590 1353 1631 effe
1389 1590 1614 1639 habendas,

148 1655 308 1708 quippe
354 1664 484 1705 quum
531 1652 787 1706 experientia
831 1652 1154 1707 comprobatum
1200 1654 1279 1703 s1t,
1331 1655 1481 1695 eodem
1517 1655 1616 1694 loco

146 1718 260 1759 circa
293 1711 578 1757 definiendum
615 1726 881 1757 momentum
918 1730 996 1771 pro
1033 1716 1115 1758 fine
1150 1717 1338 1772 Eclipfis,
1382 1718 1617 1772 discrepan-

149 1782 227 1822 tias
263 1782 371 1821 inter
405 1781 685 1822 obseruatores
721 1781 900 1834 reperiri
945 1794 999 1822 10
1036 1792 1078 1822 et
1118 1795 1171 1821 12
1199 1781 1490 1823 secundorum.
1527 1781 1618 1822 Ve-

149 1858 245 1887 rum
280 1845 309 1886 fi
344 1845 523 1886 maiore-s
571 1845 870 1899 discrepantiae
901 1846 944 1886 in
981 1846 1331 1898 conclusionibus,
1366 1856 1515 1901 vtpote
1554 1857 1613 1887 20

148 1909 219 1950 vel
258 1920 314 1956 30
361 1908 650 1962 scrupulorum
695 1909 971 1951 secundorum
1018 1912 1314 1965 reperiantur,
1366 1920 1456 1953 tum
1494 1918 1613 1952 certo

151 1974 407 2014 contendere
456 1973 567 2022 licet,
602 1976 644 2014 in
678 1986 762 2015 vna
805 1974 877 2015 vel
919 1974 1048 2017 altera
1084 1976 1373 2019 obseruatione
1407 1974 1610 2029 insignio-

149 2049 239 2080 rem
276 2036 488 2092 quendam
524 2036 654 2081 latere
692 2050 896 2082 errorem.

814 2229 933 2273 Aaa
968 2243 996 2272 2
1492 2230 1530 2284 §-
1567 2225 1612 2278 δι’
