1835 2553
598 208 714 261 »32³3ss
779 201 973 261 >331(
1037 203 1154 257 5322<-

137 338 190 366 ne
226 323 372 365 nostris
408 319 651 364 Elementis*
675 319 907 374 adplicata,
960 332 1122 360 errores
1158 318 1500 360 obseruationum
1537 318 1598 360 se-

140 390 300 431 cundae
336 385 604 442 apparitionis
639 383 822 438 respectu
843 384 1097 425 Latitudinis
1127 384 1336 425 tantillum
1368 394 1598 434 mutentur,

138 457 254 496 cuius
288 453 412 493 etiam
449 451 657 504 specImen
693 449 798 490 infra
832 448 1048 498 dabimus,
1092 461 1243 490 verum
1278 459 1324 488 vt
1360 450 1615 489 incommo-·

137 519 217 568 do,
252 518 370 571 supra
403 524 767 563 commemorato,
818 515 981 567 penitus
1019 511 1188 554 obuiam
1226 513 1276 553 iri
1309 523 1456 566 queat,
1511 512 1604 553 nul-

138 584 228 624 lum
265 581 398 622 adhuc
434 578 552 619 nobis
590 578 777 618 innotuit
809 579 1058 619 remedium.
1129 576 1357 619 Caeterum
1396 577 1516 618 facile
1553 577 1604 616 li-

137 655 261 703 quet,
295 644 618 692 obseruationes,
654 655 753 696 quas
791 642 905 695 figno
940 641 1032 682 NB.
1070 642 1360 691 distinximus,
1414 654 1493 695 pro
1530 641 1606 681 ali-

137 719 337 766 quantum
374 708 562 749 erroneis
598 707 677 747 effe
710 706 949 755 habendas,
1003 707 1043 747 id
1079 708 1191 760 quod
1229 719 1398 760 quoque
1448 706 1603 747 exinde

135 773 350 831 probabile
396 773 606 820 redditur,
660 770 774 823 quod
811 767 902 811 Cel.
939 770 1093 823 Meffier
1129 784 1213 812 non
1249 770 1418 811 licuerit
1452 770 1603 810 harum

135 837 480 880 obseruationum
530 832 868 877 verificationem
904 848 980 890 per
1039 835 1149 888 alias,
1184 835 1332 876 iisdem
1368 834 1508 876 diebus
1542 833 1604 874 fa-

136 904 244 954 ctas,
279 902 507 947 instituere.

323 1030 357 1078 ξ.
382 1037 452 1076 13.
519 1026 740 1068 Elementa
775 1025 911 1067 nostra
947 1024 1049 1066 licet
1084 1025 1445 1066 obseruationibus
1484 1038 1603 1078 egre«

133 1094 202 1148 gie
237 1091 505 1139 satisfaciant,
559 1100 702 1130 tamen
740 1102 824 1129 non
861 1090 1124 1137 dubitamus,
1179 1091 1279 1143 quin
1333 1090 1417 1130 leui
1453 1103 1599 1130 earum

131 1152 389 1204 mutatione,
441 1152 660 1196 consensus
716 1152 864 1194 calculi
900 1166 997 1193 cum
1032 1153 1393 1194 obseruationibus
1429 1152 1497 1193 vel
1534 1165 1603 1193 ae-

131 1233 213 1273 que
249 1230 391 1272 aptuS,
427 1217 496 1259 vel
532 1218 668 1257 maior
704 1216 885 1256 obtineri
921 1227 1069 1268 queat,
1123 1217 1205 1258 hoc
1241 1218 1353 1257 enim
1391 1219 1432 1257 in
1471 1230 1601 1270 nego-

133 1284 195 1323 tio
229 1282 409 1335 aliquam
446 1281 736 1321 Latitudinem
774 1292 852 1332 pro
887 1278 1131 1320 definiendis
1169 1280 1406 1321 Element'is
1439 1279 1601 1321 Come-

134 1356 200 1387 tae
237 1348 315 1386 effe
351 1343 677 1393 admittendam,
728 1342 813 1397 ipsa
849 1344 910 1384 rei
948 1344 1106 1386 indoles
1153 1344 1344 1386 declarat.
1428 1344 1471 1387 Si
1520 1346 1597 1385 ita-

133 1424 214 1464 que
248 1408 473 1450 Elementa
509 1408 644 1449 nostra
677 1421 753 1462 pro
789 1408 872 1461 ipsa
909 1407 1042 1461 specie
1077 1409 1236 1450 orbitae
1259 1439 1268 1456 ,
1316 1410 1517 1453 nimirum
1554 1422 1598 1449 e-

133 1475 196 1515 ius
233 1473 573 1527 semiparameter
608 1482 649 1512 et
684 1473 1003 1522 excentricitas,
1042 1474 1102 1514 vti
1143 1475 1263 1528 supra
1290 1474 1461 1514 definita
1488 1475 1597 1523 sunt,

132 1538 415 1586 retineantur,
474 1547 561 1577 tum
599 1549 704 1577 vero
741 1535 998 1590 supponatur
1049 1539 1237 1591 Tempus
1275 1537 1470 1579 Perihelii
1510 1535 1598 1578 Co-

133 1611 271 1643 metae
307 1601 520 1655 contigisse
565 1603 675 1654 Aug.
717 1612 941 1650 13,5500,
977 1601 1051 1642 fiet
1087 1615 1165 1656 pro
1202 1602 1496 1643 obseruatione
1533 1602 1599 1642 die

140 1677 193 1714 15
233 1665 343 1706 Iunii
393 1666 577 1706 instituta
628 1665 866 1719 Longitudo
903 1663 1111 1706 Cometae
1160 1679 1214 1707 ex
1251 1667 1411 1707 calculo
1450 1667 1501 1719 9⁵.
1544 1669 1601 1707 2⁰.

140 1727 222 1780 52¹.
278 1728 355 1778 23¹¹
407 1740 448 1770 et
498 1742 575 1783 pro
615 1743 669 1779 29
707 1729 816 1770 Iunii
874 1724 961 1769 11''.
1004 1731 1086 1780 59¹.
1128 1729 1204 1769 26¹¹
1242 1731 1485 1784 Longitudo
1521 1730 1599 1770 erit

135 1795 195 1845 9³.
230 1797 291 1843 9⁰.
326 1791 412 1844 43¹.
450 1794 518 1833 6⁰:
554 1795 610 1834 ita
644 1805 690 1834 vt
724 1795 805 1835 iam
847 1795 1017 1847 quidem
1056 1794 1291 1836 obseruatio
1326 1795 1392 1836 die
1434 1806 1486 1843 15
1528 1793 1596 1834 lu-

137 1858 198 1898 nii
233 1857 445 1910 aliquanto
477 1859 607 1910 magis
643 1858 690 1899 sit
729 1871 930 1908 erronea,
968 1872 1093 1913 quam
1131 1860 1354 1901 secundum
1395 1859 1597 1900 Elemen-

138 1934 180 1962 ta
214 1935 238 1963 a
274 1922 392 1962 nobis
445 1921 642 1971 stabilita,
695 1924 765 1976 qui
805 1934 945 1964 tamen
982 1937 1101 1964 error
1137 1926 1256 1965 facile
1292 1924 1458 1965 admitti
1507 1922 1601 1977 pos-

136 1986 208 2027 set.
292 1985 374 2026 Pro
410 1995 601 2039 tempore
653 1997 790 2028 autem
831 1999 854 2026 2
889 1988 1001 2041 Aug.
1045 1983 1136 2037 ις’).
1176 1984 1225 2038 3‘.
1268 1984 1346 2037 15¹‘
1379 1988 1451 2029 fiet
1487 2000 1598 2028 nunc

134 2050 376 2103 Longitudo
413 2047 619 2090 Cometae
657 2051 708 2100 3³.
746 2054 802 2091 6⁰.
846 2050 894 2098 2¹.
937 2046 1038 2103 14¹¹,
1090 2065 1145 2092 ex
1179 2066 1264 2106 quo
1298 2052 1428 2105 liquet
1465 2051 1600 2106 poste-

136 2114 239 2154 riori
274 2113 350 2154 hac
388 2113 646 2167 expreffione
681 2128 758 2168 pro
794 2126 989 2170 tempore
1024 2115 1221 2157 Perihelii
1258 2116 1463 2166 adhibita,
1515 2128 1595 2170 pro

137 2177 493 2220 obseruationibus
546 2176 719 2219 secunda
753 2177 961 2221 Cometae
997 2181 1258 2234 adparitione
1310 2181 1426 2222 fastis
1481 2192 1596 2222 erro-

134 2254 199 2283 res
250 2243 292 2283 in
334 2241 685 2296 Longitudinibus
736 2246 975 2285 commissos
1027 2246 1330 2299 aliquantulum
1381 2245 1594 2286 imminui.

818 2306 897 2348 Tt
935 2321 960 2348 2
1513 2308 1597 2351 Pro
