1835 2553
668 169 785 225 »20:ss
847 164 863 225 )
904 165 1044 226 124(
1107 166 1223 221 ἔξω

220 295 306 340 quo
350 280 579 325 similitudo
621 293 722 323 cum
764 281 920 324 lamina
954 281 1117 324 elastica
1150 280 1271 336 supra
1302 279 1558 325 considerata
1591 279 1681 328 rna2

218 348 366 391 nifesto
417 346 580 398 elucet,
631 346 835 401 simulque
869 347 1132 402 intelligitur,
1176 346 1419 388 columnam
1455 345 1582 389 talem
1615 350 1685 391 in-·

216 413 466 463 flexionem,
503 411 664 455 etiamfi
698 410 861 452 infinite
894 424 1085 466 paruam,
1105 411 1293 466 recipere
1327 423 1412 455 non
1446 411 1574 466 posse,
1603 413 1680 455 nifi

214 487 322 518 onus
355 476 602 520 incumbens
638 484 799 517 certum
834 476 1043 529 quendam
1077 475 1260 516 limitem
1295 475 1581 529 superauerit,
1615 486 1679 519 at-

214 553 299 596 que
343 539 413 583 hic
460 542 546 597 ipse
594 540 716 582 limes
752 538 872 580 nobis
909 540 1148 581 maximum
1182 550 1288 582 onus
1321 539 1513 593 indicat,
1563 540 1679 597 quod

213 604 413 649 columna
445 606 637 650 sustinere
673 602 841 645 valebit.

402 736 438 787 §-
477 737 519 775 6.
584 731 960 790 Quemadmodum
1005 736 1149 771 autem
1193 732 1363 786 quaeuis
1407 729 1682 787 incuruatioJ

211 812 318 857 quae
349 799 532 842 laminae
566 798 753 840 elasticae
787 796 931 837 induci
965 793 1089 836 debet
1111 824 1123 846 ,
1168 805 1325 838 certam
1359 797 1537 851 requirit
1571 799 1678 850 vim,

210 866 270 908 ita
304 866 434 907 etiam
469 862 590 905 facile
625 861 885 916 intelligitur,
921 868 1082 900 certam
1117 859 1329 913 quandam
1363 861 1456 902 vim
1489 861 1678 915 requiri,

209 942 316 984 quae
367 927 592 971 columnae
647 926 809 967 nostrae
870 923 1209 965 incuruationem
1259 925 1458 967 inducere
1507 924 1676 978 valeat,

211 986 557 1049 quandoquidem
591 1004 641 1032 ea
673 1000 762 1031 tam
796 988 852 1030 ob
902 987 1155 1028 soliditatem
1196 1001 1332 1042 quam
1383 989 1679 1033 cohaesionem

208 1058 396 1114 partium
431 1056 551 1098 omni
584 1053 870 1096 incur-uationi
903 1051 1061 1102 refistit,
1098 1064 1206 1106 quae
1239 1052 1463 1094 refistentia
1497 1053 1582 1094 fine
1599 1053 1677 1095 du-

207 1121 282 1164 bio
315 1134 369 1164 eo
402 1121 540 1162 maior
574 1119 632 1161 est
666 1117 883 1167 censenda,
919 1128 1006 1170 quo
1040 1115 1206 1157 craffior
1240 1115 1364 1158 fuerit
1397 1116 1483 1170 ipsa
1513 1116 1677 1158 colum-

207 1199 263 1227 na
305 1195 349 1227 et
390 1197 478 1239 quo
527 1184 663 1225 maior
713 1180 835 1224 fimul
868 1179 994 1221 fuerit
1027 1178 1280 1221 incuruatio.
1348 1179 1421 1221 Ad
1455 1179 1582 1221 talem
1615 1180 1676 1221 ef·

205 1249 365 1291 festum
415 1247 714 1303 explicandum
763 1245 807 1286 in
859 1242 1066 1285 calculum
1112 1243 1324 1282 introduci
1359 1242 1461 1283 solet
1493 1242 1677 1285 formula

207 1313 429 1369 quaepiam
480 1313 665 1366 rigorem
716 1308 954 1350 absolutum
1006 1306 1195 1359 corporis
1241 1304 1483 1346 inflectendi
1530 1306 1678 1359 expri-

207 1390 342 1428 mens,
384 1389 491 1432 quae
526 1388 600 1430 per
634 1374 799 1416 radium
833 1378 1081 1413 curuaturae
1115 1368 1245 1410 diuisa
1277 1369 1460 1423 praecise
1495 1369 1678 1424 aequalis

209 1442 359 1484 euadat
393 1450 620 1483 momento
652 1439 810 1479 virium
845 1435 895 1477 ad
928 1433 1039 1474 hanc
1070 1433 1199 1487 ipsam
1218 1433 1556 1474 incur-nationem
1575 1445 1677 1489 pro-

207 1505 445 1547 ducendam
481 1502 707 1556 requifit0;
738 1499 850 1540 vnde
884 1510 982 1539 cum
1018 1504 1237 1538 momenta
1271 1496 1427 1538 virium
1464 1497 1543 1539 fint
1575 1510 1678 1552 pro·

209 1568 332 1610 duc'ta
365 1581 420 1610 ex
463 1568 508 1607 vi
559 1574 709 1619 agente
757 1562 825 1604 seu
878 1560 1064 1615 quodam
1097 1560 1283 1614 pondere
1317 1572 1393 1614 per
1428 1562 1677 1616 quampiam

208 1633 362 1676 lineam
398 1631 554 1674 recstam
588 1626 886 1681 multiplicato,
921 1623 1092 1666 euidens
1127 1624 1183 1665 est
1216 1623 1460 1675 formulam,
1503 1638 1585 1679 qua
1618 1626 1677 1666 ri-

208 1710 287 1754 gor
321 1696 530 1737 absolutus
563 1692 844 1749 exprimitur,
889 1689 968 1730 effe
1002 1686 1154 1731 debere
1188 1687 1441 1742 productum
1478 1700 1534 1730 ex
1568 1702 1675 1743 quo-

208 1763 323 1818 piam
357 1760 546 1816 pondere
578 1767 622 1799 et
655 1755 858 1812 quadrato
893 1752 1126 1806 cuiuspiam
1159 1751 1295 1793 lineae
1329 1752 1463 1793 restae
1485 1782 1498 1802 ,
1532 1753 1591 1794 ita
1623 1762 1676 1795 vt

207 1826 236 1868 fi
271 1838 347 1880 per
380 1825 545 1866 radium
581 1820 710 1863 osculi
743 1817 968 1866 diuidatur,
1010 1816 1186 1870 prodeat
1218 1814 1403 1859 formula
1435 1815 1579 1859 fimilis
1614 1818 1671 1870 ei,

208 1902 291 1945 qua
325 1896 547 1932 momenta
579 1886 740 1928 virium
773 1881 1111 1938 exprimunturs

398 2017 432 2068 ς.
473 2027 518 2067 7,’
583 2011 686 2069 Quo
719 2011 902 2054 nostram
935 2007 1312 2066 inuestigationem*
1335 2022 1360 2049 a
1393 2005 1484 2048 casu
1513 2001 1670 2058 fimpli-

205 2081 367 2124 ciffimo
401 2078 690 2126 exordiamur,
728 2075 1067 2131 contemplemur
1100 2074 1243 2130 primo
1277 2070 1483 2114 eiusmodi
1504 2067 1670 2110 colum-

205 2158 336 2194 nam,
388 2157 494 2199 quae
545 2155 621 2198 per
664 2151 800 2183 totam
844 2141 959 2182 suam
1003 2138 1271 2182 altitudinem
1305 2134 1480 2176 eandem
1516 2130 1670 2173 habeat

205 2209 456 2263 craffitiem,
502 2208 561 2251 ita
594 2216 641 2248 vt
674 2206 791 2263 rigor
824 2204 1067 2258 absolutus,
1110 2213 1196 2258 quo
1227 2199 1348 2243 omni
1381 2194 1670 2301 incuruatiogi

1577 2271 1621 2303 re
