1835 2553
704 152 817 204 ”2213
883 147 898 207 )
936 165 1026 204 2³0
1062 151 1078 211 (
1141 153 1256 204 &103

251 263 420 307 chartae
471 262 543 304 ista
578 263 786 306 coloratae
823 266 1000 307 tinctura
1036 280 1089 307 ex
1124 267 1274 308 eodem
1310 265 1527 308 assumunt.
1595 267 1715 322 Quae

235 341 354 383 «vero
388 328 504 381 ligno
541 327 885 370 Fernambucano
919 342 961 372 et
997 334 1132 373 radice
1160 330 1397 373 Curcumae
1434 333 1588 373 tinctae
1624 333 1715 374 sunt

251 392 417 434 chartae
437 422 448 443 ‚
484 393 590 434 nihil
622 394 718 434 inde
752 406 981 437 mutantur.

444 517 585 574 Caput
631 529 876 570 mortuum,
928 520 1020 559 satis
1055 520 1361 573 ponderosum,
1412 520 1462 560 ab
1499 534 1624 561 arena
1659 531 1723 562 ta-

251 588 354 625 men
399 584 599 625 immixta
655 585 834 638 separari
881 596 964 623 non
1001 593 1181 637 poterat.
1264 585 1310 625 In
1348 585 1562 625 crucibulo
1597 586 1720 627 calci·

253 658 398 689 natum
436 649 478 688 in
516 650 678 689 cineres
716 648 977 696 rubescentes
1012 656 1054 686 et
1090 647 1184 686 satis
1236 648 1491 699 ponderosos
1538 650 1719 699 transiit,

251 714 324 766 qui
361 726 469 765 aqua
504 711 704 752 bulliente
739 711 892 758 abluti,
928 710 1145 750 drachmas
1179 710 1251 749 sex
1285 712 1474 751 cinerum
1509 712 1722 754 leuiorum

253 776 445 816 eiusdem
493 775 647 816 coloris
694 775 995 828 praebuerunt,
1053 774 1219 828 reliquo
1262 774 1450 828 pondere
1484 788 1558 830 per
1592 778 1724 832 depo·

250 839 373 883 fitam
410 852 579 882 arenam
614 840 772 881 amiffo.

442 966 584 1021 Aqua,
619 967 663 1008 in
683 980 766 1020 qua
795 966 895 1008 eloti
928 966 1094 1007 fuerant
1127 965 1290 1007 cineres
1321 964 1486 1018 filtrata,
1522 965 1725 1022 euaporass

257 1032 375 1073 tione
410 1030 580 1082 reliquit
627 1031 716 1069 salis
762 1031 1002 1070 rufescentis
1039 1031 1280 1081 quindecim
1335 1044 1484 1083 gmna,
1539 1032 1728 1073 lamella-

255 1107 353 1136 rum
390 1094 551 1142 forma,
588 1093 929 1133 cum‘immixtis
966 1093 1116 1132 tesseris
1153 1093 1338 1133 minutis.
1400 1094 1480 1133 Hic
1517 1094 1570 1133 sal
1604 1097 1724 1147 gustu

259 1158 515 1206 culinarem,
550 1169 647 1197 cum
677 1169 871 1198 amarore
905 1157 1066 1203 iuncta,
1101 1156 1254 1204 refert,
1289 1157 1393 1197 a'e‘ris
1425 1156 1607 1198 humore
1639 1171 1725 1199 non

257 1219 531 1270 deliquescit,
584 1220 628 1256 in
663 1220 759 1270 igne
794 1219 971 1269 crepitat
1015 1217 1100 1256 sine
1145 1218 1276 1257 odore
1328 1218 1578 1271 sulphureo,
1629 1233 1728 1262 cum

258 1282 387 1324 acidis
440 1293 588 1335 parum
642 1280 804 1330 feruet,
861 1290 1078 1333 argentum
1123 1281 1164 1319 in
1220 1281 1339 1319 acido
1394 1281 1494 1320 nitri
1544 1281 1728 1325 solutum

257 1344 497 1387 floccorum
536 1345 671 1398 specie
707 1345 860 1386 deiicit.
929 1343 993 1385 Vt
1027 1345 1167 1397 itaque
1204 1356 1281 1396 pro
1305 1342 1394 1399 sale
1429 1345 1629 1394 culinari‚
1666 1348 1729 1388 ni-

224 1409 350 1454 ‚mio
397 1408 514 1448 alcali
561 1409 711 1463 onustQ
767 1408 980 1448 habendus
1018 1408 1090 1455 fit,
1143 1409 1259 1448 cuius
1295 1421 1412 1461 pars,
1465 1410 1507 1448 vi
1543 1410 1649 1462 ignis
1686 1425 1729 1451 a·

259 1472 382 1514 misso
417 1472 563 1523 acido,
598 1472 816 1514 alcalinam
851 1472 967 1513 illam
1003 1473 1235 1513 mixturam
1271 1473 1509 1526 produxisse
1544 1473 1726 1516 videtur.

452 1596 519 1641 Vt
564 1598 724 1640 cineres
771 1607 813 1640 et
857 1607 1036 1640 terream
1087 1598 1199 1639 bafin
1252 1595 1492 1641 Conferuae
1543 1601 1728 1653 penitius

262 1663 490 1712 scrutarer,
541 1664 696 1704 iterum
734 1663 873 1704 vncias
910 1664 996 1705 eius
1032 1664 1152 1712 octo,
1198 1674 1400 1716 quantum
1438 1674 1605 1718 poterat
1638 1664 1730 1706 fieri

263 1728 514 1781 depuratae,
566 1728 609 1768 in
645 1728 861 1768 crucibulo
896 1728 1029 1781 ignito
1064 1727 1281 1768 succeffiue
1328 1728 1542 1768 combuffi.
1626 1728 1732 1770 Suc-

266 1791 520 1833 cendebatur
556 1792 726 1832 flamma
757 1791 892 1841 lenta,
945 1791 1153 1845 deprefl‘a‚
1210 1792 1422 1841 violacea,
1474 1792 1631 1833 comite
1666 1791 1730 1832 fu-

266 1868 340 1897 mo
376 1854 520 1908 spisso,
557 1856 698 1896 odoris
734 1855 994 1910 aliquantum
1029 1854 1226 1896 volatilis.
1283 1853 1424 1896 Carbo
1459 1855 1586 1906 leuis,
1624 1855 1732 1897 mul-

267 1929 314 1960 to
347 1919 495 1968 citius,
532 1932 658 1973 quam
694 1921 765 1974 qui
802 1935 824 1961 a
852 1920 1077 1961 combustis
1113 1921 1284 1973 agaricis
1320 1921 1634 1968 obtinetur‚-in
1671 1920 1730 1961 ci-

267 1996 387 2023 neres
438 1983 713 2031 rufescentes‚
764 1986 980 2036 grauiores
1034 1984 1159 2032 abiit,
1212 1997 1393 2036 quorum
1448 1985 1609 2036 pondus
1651 1983 1731 2024 fuit

267 2048 445 2092 duarum
482 2057 522 2088 et
557 2048 676 2088 iemis
711 2049 928 2090 vnciarum
952 2078 961 2096 ‚
1015 2060 1111 2088 cum
1147 2049 1344 2088 immixta
1390 2048 1545 2089 scilicet
1581 2061 1729 2097 arena,

271 2124 379 2164 quae
415 2111 524 2151 inter
556 2112 697 2152 dentes
735 2122 874 2165 aperte
929 2111 1131 2153 stridebat.
1217 2111 1307 2152 Hac
1343 2113 1436 2152 dein
1472 2111 1633 2153 lotione
1670 2112 1733 2153 se-

269 2184 462 2231 gregata,
497 2176 552 2216 sal
582 2189 637 2218 ex
666 2177 848 2219 adhibita
885 2189 989 2230 aqua
1023 2176 1180 2231 prodiit
1214 2175 1447 2217 simillimus
1481 2176 1565 2228 illi,
1602 2188 1729 2231 quem

1676 2251 1731 2281 ex
