1835 2553
717 193 841 247 -υῐιὲεῑέ
906 193 921 252 )
946 200 1051 247 =lt154
1070 191 1100 251 ¹(
1165 197 1278 248 &303⁴-

275 305 352 358 piis
398 303 614 345 clarissime
659 306 841 356 ostendi,
875 321 963 348 rem
998 308 1118 350 aliter
1153 309 1192 350 se
1227 308 1401 360 habere,
1439 320 1480 352 et
1514 324 1591 366 pro
1625 325 1733 365 quo-

273 370 336 417 vis
361 369 681 434 columnarum*
705 371 859 418 robore
878 383 1052 420 ,certam
1098 373 1361 421 altitudinem
1391 376 1591 430 ,assignari
1624 377 1730 429 ¹pos-

272 431 333 537 ge,
368 445 512 485 „quam
558 434 587 477 fi
641 434 857 490 superent,
913 447 1047 479 certe:¹
1092 439 1268 493 proprio
1311 440 1492 495 ponderi
1545 439 1734 482 succum-

302 506 430 539 erent.
999 531 1002 533 .
1136 530 1140 532 >

460 631 494 680 ς.
534 644 572 671 2.
658 627 768 670 Cum
809 637 950 669 autem
988 629 1182 682 aequatio
1214 640 1277 671 ex
1307 632 1540 673 certissimis
1576 631 1732 685 princi-

270 692 350 747 piis
385 694 617 746 aequilibrii
653 694 700 732 fit
735 693 939 741 deducta,
992 693 1145 732 nullius
1181 695 1330 734 erroris
1366 697 1535 749 coargui
1570 697 1730 750 potest,

271 757 299 797 fi
337 758 465 797 modo
500 769 648 797 omnes
686 757 893 806 rationes,
937 757 1086 812 quibus
1121 755 1339 806 innititur,
1389 760 1520 811 probe
1555 772 1732 814 perpen-

270 821 439 870 duntur,
475 820 696 874 nullaeque
732 820 1062 881 circumstantiae
1098 819 1414 875 immisceamur
1447 822 1539 874 ipfis
1575 824 1732 876 princi-

268 887 348 939 piis
383 885 506 925 huius
543 885 690 926 calculi
725 880 989 936 contrariae'3
1025 881 1332 938 quamobrem,
1366 894 1592 938 antequam
1629 886 1729 926 hinc

268 949 554 990 conclusiones
589 949 795 989 deducere
829 948 975 997 liceat,
1028 949 1174 988 omnia
1209 959 1452 998 momenta,
1489 961 1544 988 ex
1580 950 1730 1002 quibus

265 1013 340 1054 ista
373 1012 585 1065 singularis
621 1012 752 1064 figura
781 1012 836 1051 est
865 1012 1054 1060 dedutffia,
1089 1021 1280 1051 accurate
1310 1013 1507 1052 euoluere
1542 1024 1728 1065 oportet.

263 1075 334 1117 Ac
368 1076 512 1130 primo
545 1075 716 1128 quidem
769 1075 985 1128 supremus
1037 1074 1258 1115 columnae
1312 1077 1514 1115 terminus
1548 1075 1592 1116 A
1626 1076 1730 1118 nulli

263 1142 430 1199 prorsus
459 1138 636 1186 ec'tioni
686 1139 935 1192 cuiusquam
970 1139 1033 1183 vis
1068 1137 1268 1186 subieetus
1303 1138 1360 1182 est
1384 1138 1615 1187 affuimus,
1670 1139 1730 1179 ita

262 1213 311 1244 vt
343 1203 558 1253 liberrime
594 1203 644 1241 de
681 1202 752 1242 suo
786 1201 883 1241 loco
921 1200 1085 1241 moueri
1117 1210 1162 1241 et
1196 1201 1368 1254 reliquis
1415 1201 1573 1241 viribus
1606 1203 1732 1242 cede-

262 1280 309 1308 re
342 1265 499 1321 poss‘et,
534 1261 638 1319 quae
675 1264 984 1305 circumstantia
1019 1265 1102 1304 iam
1136 1276 1161 1303 a
1196 1264 1314 1312 statu,
1349 1276 1476 1316 quem
1511 1265 1553 1302 in
1590 1265 1728 1305 nostra

264 1330 503 1386 quaestione
538 1327 893 1382 contemplamur,
929 1326 1097 1382 prorsus
1131 1325 1347 1380 discrepat.
1394 1324 1579 1380 Quando
1613 1327 1729 1368 enim

263 1394 504 1451 quaerimus
524 1424 537 1444 ‚
569 1394 613 1434 in
637 1388 805 1446 ‘quanta
840 1391 1060 1433 altitudine
1093 1389 1316 1432 columnae
1352 1390 1594 1431 etiamnunc
1628 1402 1731 1445 pro·

260 1460 403 1515 prium
439 1457 605 1514 pondus
641 1454 834 1502 sustinere
867 1451 1050 1508 valeant,
1085 1451 1305 1496 manifesto
1339 1453 1631 1508 supponimus,
1664 1454 1732 1495 su·

260 1535 458 1578 premum
495 1523 724 1563 terminum
742 1520 991 1576 A‚perinde
1025 1531 1072 1560 ac
1104 1517 1299 1559 infimum
1334 1517 1387 1567 B,
1411 1518 1649 1559 constanter
1682 1519 1728 1560 in

263 1587 408 1628 eadem
460 1586 576 1626 recia
608 1583 798 1625 verticuli
832 1582 927 1623 AB
960 1583 1156 1632 retineri,
1208 1594 1344 1634 neque
1381 1581 1431 1622 ab
1468 1582 1628 1623 afflone
1662 1583 1729 1624 vi·

261 1651 398 1699 rium,
450 1649 597 1702 quibus
646 1661 742 1702 pars
785 1647 923 1688 media
957 1648 1228 1695 incuruatur‚
1265 1645 1314 1686 de
1360 1644 1441 1686 hoc
1477 1646 1552 1686 fitu
1588 1646 1728 1686 dimo-

260 1715 353 1756 veri
387 1713 516 1767 pofi'e.
598 1711 673 1753 Sin
710 1722 849 1753 autem
893 1712 966 1753 ista
1013 1710 1320 1753 circumstantia
1370 1710 1727 1764 praetermittere-

260 1788 334 1821 -tur
366 1787 408 1818 et
452 1777 651 1831 supremo
702 1776 888 1817 termino
920 1773 963 1816 A
997 1775 1120 1830 plena
1171 1773 1336 1814 libertas
1387 1774 1726 1827 relinqueretur,

262 1841 371 1885 nihil
405 1841 574 1895 prorsus
609 1840 768 1883 absurdi
803 1840 846 1879 in
880 1838 951 1881 illa
984 1852 1115 1881 curua
1158 1838 1340 1879 mirabili
1374 1837 1723 1892 deprehendetur,

260 1907 330 1948 sed
366 1905 507 1960 potius
542 1905 707 1959 semper
741 1904 949 1944 eiusmodi
985 1901 1099 1946 casus
1133 1902 1319 1955 assignari
1353 1911 1577 1956 poterunt,
1617 1913 1725 1955 quae

260 1983 361 2013 cum
404 1969 477 2009 ista
521 1981 650 2010 curua
695 1967 979 2022 pulcherrime
1030 1967 1305 2018 conueniant,
1357 1966 1399 2007 id
1433 1965 1546 2019 quod
1578 1965 1726 2020 paucis

258 2034 476 2077 ostendere
509 2045 661 2088 operae
695 2032 774 2074 erit
806 2031 1005 2087 pretium.

445 2163 482 2213 ξ.
519 2174 561 2212 3.
642 2162 761 2204 Ante
803 2160 950 2203 omnia
999 2168 1142 2204 autem
1175 2159 1245 2201 hic
1278 2158 1377 2200 loco
1425 2156 1723 2199 columnarum

255 2226 436 2270 laminas
483 2226 666 2270 clasticas
719 2227 911 2272 eiusdem
953 2224 1144 2278 robori5‚
1179 2232 1323 2267 mente
1357 2221 1527 2274 saltem,
1578 2221 1724 2290 substij

1656 2291 1720 2324 tiu
