1835 2553
582 187 695 239 ··>¹‹2<³'.3
732 185 778 244 ')
815 201 904 238 319
940 184 955 243 (
1021 186 1137 241 &1030-

126 304 254 346 strum
292 299 532 351 Cometam,
569 300 682 342 binas
718 300 938 356 portiones
976 297 1139 341 orbitae
1176 308 1271 342 ante
1307 309 1349 344 et
1383 300 1474 355 post
1501 300 1589 343 eius

125 369 172 409 ad
222 367 413 408 tellurem
459 366 639 406 nostram
688 365 1140 419 approximationem,
1195 367 1449 420 descriptas,
1503 378 1590 407 non

123 432 293 487 prorsus
329 432 569 479 conuenire,
608 429 675 471 seu
714 432 761 470 ad
799 432 976 469 eandem
997 427 1237 470 Sermonem
1261 428 1472 472 Conicam
1503 443 1589 471 non

122 498 349 551 pertinere.
411 494 460 536 In
513 494 581 534 illa
617 502 773 535 'autem
819 494 1021 548 opinione
1057 505 1108 533 eo
1147 495 1278 548 magis
1315 495 1588 536 confirmatus

120 562 212 611 fui,
245 560 357 614 quod
395 570 483 600 tum
522 560 696 613 quidem·
734 559 893 599 nullum
933 558 1037 599 mihi
1074 569 1236 612 pateret
1261 561 1464 610 medium,
1502 572 1588 613 quo

122 624 337 667 consensus
373 623 522 664 harum
569 624 908 665 obseruationum
958 623 1139 664 obtineri
1177 625 1340 678 posset,
1388 624 1488 666 licet
1527 625 1590 665 vti

120 689 226 730 infra
261 688 509 737 videbimus,
547 689 816 741 postmodnm
854 688 1063 729 eiusmodi
1087 687 1311 729 Elementa
1331 690 1583 739 inuenetim,

120 767 226 808 quae
263 762 428 793 tantum
465 765 549 791 non
587 753 782 793 omnibus
820 752 940 792 huius
979 750 1186 793 Cometae
1223 753 1586 794 ob1e1·uati‹mibus

119 819 385 859 satisfaciunt.
456 815 601 870 Quum
640 818 768 870 igitur
806 817 973 870 periuas
996 821 1017 857 ε’
1050 819 1191 867 essem,
1231 830 1314 858 non
1353 820 1582 874 admodum

119 881 354 935 scrupulose
389 882 430 920 iu
469 893 523 920 eo
557 881 635 921 effe
669 831 989 929 elaborandurtx
1033 891 1078 921 vt
1115 881 1422 925 obseruationes
1452 885 1586 937 prima

122 956 164 987 et
199 946 376 986 secunda
413 942 617 986 Cometae
654 946 921 998 apparitione
958 946 1100 994 fat‘tae,
1140 947 1248 986 inter
1286 947 1323 987 se
1358 949 1585 989 redderun-

120 1019 193 1051 tur
226 1010 552 1057 consentientes,
591 1011 774 1062 primum
813 1011 981 1063 quidem
1023 1011 1353 1051 examinandum
1394 1023 1583 1053 tantum-

55 1067 59 1071 ’
118 1075 247 1113 modo
285 1073 362 1112 effe
398 1073 659 1117 existimaui,
708 1086 833 1125 quam
873 1074 1158 1114 Latitudinem
1198 1074 1451 1125 Erementa,
1487 1075 1581 1116 solis

117 1135 474 1176 obseruationibus
512 1137 714 1177 secundae
751 1137 1022 1191 apparitionis
1061 1138 1373 1187 satisfacientia,
1427 1141 1583 1181 admit«

117 1210 268 1240 terent..
333 1200 458 1240 Hunc
494 1201 535 1240 in
573 1199 730 1248 finem,
783 1202 879 1253 quia
915 1202 978 1240 vti
1016 1212 1072 1241 ex
1109 1203 1245 1258 priori
1280 1202 1580 1245 Differtatione

116 1265 293 1311 constat,
327 1263 498 1302 definita
535 1263 822 1316 Longitudine
858 1262 1100 1314 cometae,
1133 1278 1208 1318 per
1244 1266 1352 1320 ipsas·
1385 1267 1584 1309 obserua-

117 1327 257 1367 tiones
289 1325 372 1366 Ioci
409 1324 698 1376 Geocentrici,
731 1327 948 1368 inclinatio
985 1328 1143 1369 orbitae
1175 1329 1317 1370 saltem
1338 1332 1445 1372 intra
1465 1332 1582 1372 limi«

119 1400 205 1431 tem
243 1389 364 1431 vnius
402 1391 554 1431 minuti
588 1391 731 1445 primi,
766 1391 1064 1445 cognoscatur3
1102 1406 1281 1434 examen
1314 1396 1500 1437 nostrum
1522 1397 1578 1437 ita

117 1455 404 1504 instruximus,
440 1464 489 1494 vt
522 1456 703 1496 assumtis
739 1469 817 1510 pro
852 1457 1136 1510 Longitndine
1172 1459 1288 1500 Nodi
1325 1471 1367 1500 et
1404 1460 1579 1501 inclina-

117 1522 231 1559 tione
267 1518 428 1558 orbitae
465 1519 589 1560 certis
621 1519 937 1574 hypothesibus,
974 1535 1051 1574 pro
1089 1523 1194 1563 binis
1216 1523 1577 1565 obseruationibus

116 1583 318 1624 secundae
365 1583 666 1636 apparitionis,
716 1597 1015 1638 quaereremus
1053 1586 1144 1627 loca
1182 1585 1389 1629 Cometae
1428 1589 1577 1630 Helio-

117 1647 328 1696 centri'ca,
384 1656 474 1687 tum
523 1660 625 1690 vero
661 1650 839 1690 assumto
876 1661 995 1691 certo
1030 1651 1177 1692 valore
1215 1654 1577 1702 excentricitatis,

115 1724 195 1765 pro
231 1711 365 1751 orbita
401 1708 620 1763 Cometae,
658 1714 816 1768 reliqua
853 1714 973 1755 huius
1011 1716 1173 1755 orbitae
1207 1716 1428 1757 blementa
1459 1719 1576 1758 inue-

115 1776 387 1828 stigaremus,
443 1777 556 1818 cuius
595 1778 785 1819 methodi
823 1779 1220 1830 adumbrationem,
1277 1794 1411 1835 nuper
1447 1794 1574 1836 pecu-

115 1839 206 1879 liari
244 1838 546 1882 Schediasmate
581 1841 681 1883 huic
714 1843 922 1884 volumini
961 1843 1168 1885 Actorum
1209 1845 1431 1886 inserendo
1451 1847 1574 1888 ador-

117 1905 328 1944 nauimus,
390 1903 477 1944 Iam
515 1906 542 1946 fi
579 1917 742 1961 tempus
779 1907 976 1949 Perihelii
1013 1923 1089 1962 per
1124 1920 1353 1964 Vtramque
1379 1911 1574 1952 obserua-

116 1969 279 2008 tionem
316 1967 552 2020 definitum,
590 1984 676 2012 nort
710 1984 974 2026 congrueret,
1011 1974 1200 2015 valorem
1241 1977 1574 2017 excentricitatis

115 2033 434 2072 immutauimus
472 2034 539 2082 ita,
576 2045 622 2075 vt
659 2037 826 2077 tandem
865 2049 921 2077 ex
955 2038 1441 2089 vtraqueobseruatione
1465 2051 1571 2081 tem-

113 2110 189 2150 pus
236 2109 314 2150 pro
351 2096 560 2139 P'crihclio
598 2097 799 2142 cometae
837 2103 1001 2156 prorsus
1039 2103 1282 2142 redderetur
1319 2116 1571 2157 congruum„

111 2160 345 2202 Elementis
382 2172 522 2202 autem
560 2163 611 2203 fic
648 2165 829 2206 inuentis
866 2167 907 2206 in
945 2166 1063 2206 vsum
1103 2166 1312 2216 adhibitis,
1354 2180 1576 2223 computa-

111 2227 251 2266 vimus
288 2225 381 2266 loca
418 2225 624 2268 Cometae
660 2225 936 2270 Geocentrica
970 2244 1050 2285 pro
1095 2231 1354 2285 temporibus
1395 2234 1568 2276 aii-arum

1431 2298 1569 2340 obier-
