1835 2553
687 186 802 238 -20-13
868 181 1062 241 μω(
1125 180 1239 234 aea·-

239 299 453 353 aequatio:
493 297 857 353 ΔΗΖ-Κάρ,
894 311 1001 351 qnae
1047 294 1239 349 aequatio
1274 292 1326 335 est
1362 305 1440 347 pro
1475 291 1697 336 catenaria

237 363 407 418 inuersa,
442 364 502 403 vti
540 375 593 402 ex
630 362 894 415 sequentibus
931 362 1079 402 clarius
1114 359 1288 412 patebit.
1357 357 1472 397 Nota
1501 358 1614 398 enim
1642 358 1697 398 est

237 428 471 483 proprietas
508 426 628 467 huius
667 439 833 474 curuae,
870 441 892 466 a
930 424 1204 465 celeberrimo
1239 421 1384 461 Ioanne
1405 421 1611 462 Bernoulli
1638 422 1701 460 in-

238 503 393 537 uenta,
446 490 557 544 quod
594 489 640 529 fit
676 490 749 529 dx
785 490 832 529 ad
867 490 932 538 dy
968 497 1015 527 vt
1050 487 1211 539 pondus
1264 495 1432 525 catenae
1468 484 1516 523 ad
1552 495 1702 537 poten-

236 557 336 596 tiam
390 564 652 608 gravantem.
721 551 914 604 Spestata
964 551 1089 602 igitur
1134 549 1178 587 vi
1235 549 1415 588 fulcrum
1451 558 1629 600 vrgente
1661 547 1702 588 Κ

235 629 283 658 vt
312 618 506 659 effectum
545 616 740 670 ponderis
778 624 978 660 catenae,
1011 613 1052 650 in
1089 611 1245 651 sensum
1281 611 1537 651 contrarium
1575 622 1704 664 agen-

238 691 342 733 tem,
378 682 539 722 summa
572 677 933 732 pondusculorum
961 675 1226 729 grauantium
1263 674 1464 714 existente
1483 675 1590 724 :IL
1624 673 1703 714 erit

424 749 893 803 dxzdy:—K:II‚

238 842 292 870 ex
329 840 415 882 quo
452 826 632 868 nascitur
668 823 863 876 aequatio
900 823 940 864 Π
960 813 1189 881 ῑ-Κὲῑ
1209 821 1360 875 -Κρ,
1398 822 1510 861 vnde
1542 822 1591 862 fit
1623 823 1708 862 dif-

237 898 501 940 ferentiando
535 897 665 936 dn:
683 916 724 921 —
742 893 781 932 K
800 892 878 947 dp,
915 904 1019 944 quae
1053 893 1110 933 est
1144 905 1192 932 ea
1226 893 1311 946 ipsa
1333 892 1543 945 aequatio,
1578 903 1705 946 quam

238 963 377 1004 nostra
413 960 566 1002 tolutio
603 956 893 1011 suppeditauit.

431 1062 585 1107 Statim
620 1062 746 1117 igitur
773 1074 819 1102 ac
845 1059 928 1110 lex,
964 1073 1046 1114 qua
1078 1061 1346 1113 grauationes
1374 1061 1417 1100 in
1443 1060 1599 1113 fingula
1618 1059 1705 1100 ele-

240 1136 385 1174 menta
420 1137 560 1183 agunt,
594 1127 720 1168 fuerit
755 1125 937 1178 cognita,
977 1123 1128 1177 species
1163 1137 1329 1171 curuae,
1365 1123 1449 1163 fiue
1483 1132 1705 1163 curuatura

240 1193 341 1236 AY
369 1192 599 1232 accuratius
636 1188 871 1227 definietur.
937 1185 1045 1225 Tres
1083 1195 1222 1225 autem
1259 1195 1336 1237 pro
1370 1186 1460 1236 lege
1494 1185 1707 1236 grauatio-

240 1258 306 1297 nis
341 1253 453 1294 casus
488 1250 740 1305 principales
785 1248 929 1287 locum
974 1245 1128 1286 habere
1163 1248 1349 1298 poffunt:
1406 1243 1479 1298 1⁰.)
1514 1245 1559 1285 Si
1592 1247 1706 1286 vires

240 1325 466 1373 grauantes
510 1313 723 1355 elemento
769 1309 955 1350 absciss'ae
996 1307 1154 1349 fuerint
1197 1306 1570 1362 proportionales,
1620 1320 1708 1361 quo

241 1382 371 1435 igitur
419 1377 511 1419 casu
545 1376 649 1431 poni
683 1373 911 1416 conueniet
947 1371 1166 1413 α’Π--λᾶ
1179 1384 1222 1412 x.
1310 1368 1382 1424 2⁰.)
1439 1369 1495 1414 Si,
1519 1371 1707 1423 pondera

243 1444 400 1486 fuerint
433 1443 477 1483 in
511 1440 673 1482 ratione
707 1438 1017 1479 elementorum
1051 1446 1194 1483 arcuS,
1230 1433 1314 1475 hoc
1348 1434 1406 1474 est
1438 1432 1707 1474 u'II:7lds.

245 1505 321 1559 3⁰.)
366 1505 412 1546 Si
455 1504 581 1545 fuerit
626 1504 844 1552 dsszzy
862 1500 964 1548 dx,
1015 1498 1073 1539 ita
1112 1507 1160 1538 vt
1193 1505 1323 1538 onera
1355 1497 1434 1537 fint
1466 1498 1510 1537 in
1544 1497 1709 1537 ratione

243 1569 493 1625 spatiorum3
527 1566 676 1619 quibus
711 1565 878 1617 insuper
911 1570 1080 1616 quartus
1113 1560 1224 1600 casus
1260 1560 1429 1614 adiungi
1453 1560 1603 1613 potest,
1622 1570 1715 1613 quo

245 1644 472 1686 compages
508 1644 531 1670 a
565 1627 696 1669 fluido
730 1625 1122 1681 superincumbente
1150 1624 1376 1678 premitur,
1415 1624 1531 1666 cuius
1567 1623 1712 1664 altitu-

245 1696 303 1738 do
337 1695 461 1748 super
493 1690 749 1734 horizontali
783 1688 896 1730 AM
927 1689 956 1729 fi
991 1696 1171 1742 ponatur
1203 1685 1297 1736 :h,
1331 1687 1588 1729 elementum
1619 1682 1707 1740 *Yy

245 1758 458 1801 sustinebit
495 1755 658 1810 pondus
693 1753 930 1801 columnae,
965 1752 1083 1792 cuius
1117 1750 1296 1791 altitudo
1329 1749 1510 1800 :h-y
1535 1758 1586 1791 ‘et
1603 1749 1709 1790 bafis

247 1822 406 1871 :dx3
440 1829 530 1860 tum
565 1819 694 1871 igitur
727 1816 971 1870 ponendum
1007 1814 1089 1854 erit
1122 1811 1549 1869 dH:(h—-y)dx.
1614 1812 1712 1855 Hos

250 1896 354 1939 ergo
384 1881 563 1937 fing'ulos
598 1881 709 1923 casus
743 1879 825 1921 hoc
858 1878 956 1919 loco
990 1876 1208 1919 succeffiue
1239 1889 1547 1932 percurramus.

689 1998 925 2055 Euolu‘tio
959 1998 1088 2054 casus
1118 1999 1279 2066 primi.

438 2090 474 2140 §-
515 2100 533 2127 1
547 2093 585 2133 8.
624 2081 737 2129 Cum
756 2086 898 2140 ‘igitur
930 2084 1013 2126 hoc
1048 2083 1140 2126 casu
1167 2084 1216 2124 fit
1232 2076 1710 2131 dn:zdx:--de‚

252 2150 331 2198 erit
385 2150 637 2208 integrando
695 2154 725 2195 λ
744 2163 776 2193 x
793 2164 830 2191 z
846 2149 975 2194 const.
992 2149 1100 2196 -Κ,
1102 2154 1135 2208 p
1152 2162 1189 2190 z
1209 2143 1247 2191 C
1264 2145 1361 2189 —-K
1372 2151 1404 2203 p
1425 2173 1441 2196 ,
1499 2143 1611 2186 vnde
1651 2140 1710 2182 —fit

1608 2212 1640 2261 p
1658 2216 1712 2246 Ξ
