1835 2553
599 145 716 198 »²023ss
778 138 977 199 >2³9(
1038 139 1156 192 ἓῖεέω

148 258 350 302 veficulae
384 256 656 304 continetur,
693 267 914 310 ¹imamque
950 252 1067 311 quafi
1100 259 1295 310 quartam
1328 251 1607 310 longitudinss

151 323 354 367 vesiculae
399 333 567 380 partem
598 316 741 361 efficit.

333 448 470 502 Leoni
502 448 588 489 duo
623 455 786 491 tantum
821 448 1049 502 {lgamenta
1081 445 1178 488 sunt
1205 445 1391 498 lateralia
1414 455 1454 488 et
1477 456 1611 489 trans-

145 514 277 565 versa,
312 527 415 568 quae
450 514 632 565 mediam
667 513 751 556 fere
786 511 1008 555 veficulam
1044 520 1219 567 tenent,
1253 511 1436 565 indeque
1469 514 1607 553 vtrin-

145 578 542 634 queegrediuntur.
611 574 774 619 Diuifio
809 587 953 618 tamen
987 576 1129 618 similis
1163 576 1208 617 in
1241 575 1365 617 leone
1401 584 1525 630 atque
1559 577 1606 617 in

151 644 304 696 tigride
337 642 502 683 obtinet
530 642 574 681 in
610 653 774 693 partem
795 641 1081 695 posteriorem,
1117 641 1227 681 intus
1244 640 1460 695 plicatam,
1496 653 1606 695 quae

141 707 253 748 inter
283 705 440 747 collum
476 706 519 746 in
553 705 674 746 leone
709 714 751 746 et
785 706 1011 759 ligamenta
1038 705 1304 754 continetur3
1338 705 1381 745 in
1403 704 1604 755 mediam,

140 771 261 826 plicis
295 782 499 819 vacuam,
540 781 647 822 quae
680 769 906 823 ligamenta
939 769 1054 808 inter
1085 778 1130 808 et
1161 768 1339 809 fundum
1374 767 1444 823 est,
1481 778 1524 808 et
1556 768 1603 809 in

139 835 318 875 fundum
362 832 508 888 ipsum.
578 832 818 874 Humanam
864 830 1091 872 vesiculam
1135 832 1312 885 fimplici
1349 831 1491 871 tunica
1516 843 1601 887 ,ex-

141 908 277 948 terna,
314 897 356 937 in
391 907 615 938 externam
650 896 812 950 hepatis
848 894 1035 935 tunicam
1065 895 1323 943 continuata,
1358 893 1499 948 hepati
1529 908 1604 936 au·

141 974 297 1003 nexam
348 961 425 1001 effe
474 960 659 1012 constat·‚
705 971 786 1000 nec
829 958 951 1000 aliter
983 956 1058 998 niss
1093 958 1138 998 in
1172 957 1333 999 collum
1368 961 1519 1012 corpus
1554 967 1600 1000 et

136 1024 314 1067 fundum
348 1025 431 1064 effe·
459 1023 652 1064 diuitaim

323 1145 387 1188 Vt
428 1146 578 1188 fundus
614 1157 753 1189 autem
789 1146 947 1200 merito
979 1146 1086 1189 haec
1120 1159 1214 1199 pars
1248 1146 1435 1188 anterior
1467 1144 1510 1185 in
1545 1143 1601 1187 ti·

133 1212 253 1267 gride·
283 1211 368 1251 dici
401 1211 516 1263 poffe
547 1211 733 1258 videtur,
769 1210 951 1250 mediam
988 1210 1137 1264 procul
1171 1210 1300 1250 dubio
1335 1221 1486 1261 corpus
1521 1221 1597 1248 ve·

133 1275 296 1322 siculae,
332 1272 573 1326 collumque
606 1273 1123 1328 posteriorem-appellare
1157 1282 1326 1327 recepta
1357 1274 1470 1313 inter
1500 1283 1598 1312 ana-

135 1339 318 1379 tomicos
363 1336 656 1377 denominatio
699 1336 853 1377 suadet.
918 1336 1200 1379 Verumenim
1252 1346 1296 1377 et
1328 1334 1432 1391 'ipsa
1464 1336 1506 1374 in
1542 1336 1596 1376 ti-

133 1404 252 1456 gride
280 1400 381 1440 haec
417 1412 509 1453 pars
545 1399 745 1440 veficulae
780 1400 989 1454 posterior
1022 1401 1150 1455 longa·
1185 1401 1310 1441 nimis
1344 1399 1415 1448 est,
1450 1400 1599 1440 nimis-

133 1478 216 1518 qsue
251 1463 646 1505 notabilemstou'us
684 1464 882 1505 veficulae
917 1475 1082 1518 partem
1117 1466 1340 1518 continet,
1365 1475 1510 1515 ⁴quam
1546 1473 1595 1503 vt

134 1529 186 1569 ad
229 1528 383 1568 collum
429 1527 571 1568 referri
615 1527 767 1581 possit,
816 1528 885 1568 vel
919 1529 1156 1582 comparari
1193 1540 1291 1568 cum
1328 1538 1375 1578 ea
1411 1526 1609 1581 mmima.

132 1601 279 1647 parte,
321 1603 427 1644 quae
458 1590 715 1635 inhumana
752 1590 929 1633 vesicula
962 1593 1224 1644 eouomine
1261 1590 1409 1637 veuit,
1447 1601 1490 1629 et
1527 1589 1593 1629 ui-

128 1657 212 1696 mis
246 1665 463 1708 praeterea
508 1654 743 1696 similis-est
776 1655 877 1696 haec
912 1669 1005 1709 pars
1042 1655 1136 1706 illi,
1188 1666 1299 1709 quae
1332 1654 1375 1693 iu
1397 1651 1593 1707 >vesicula

128 1719 268 1760 leonis
316 1718 467 1772 plicata
515 1719 631 1763 intus·
677 1729 718 1760 et
767 1718 1000 1760 fouiculota
1034 1719 1120 1767 est,
1173 1717 1446 1770 similiterque
1481 1717 1593 1758 inter

130 1782 302 1830 ductum
353 1782 555 1833 cysticum
586 1792 629 1823 et
662 1782 901 1836 ligamenta,
924 1785 1224 1832 continetur„
1249 1791 1294 1822 et
1326 1792 1431 1835 quae
1466 1779 1594 1836 dimi-

132 1846 244 1885 diam
289 1844 376 1885 fere
421 1845 463 1884 in
513 1845 596 1886 hoc
629 1847 802 1887 animali·
836 1848 967 1888 totius
1003 1846 1207 1887 vesiculae
1245 1855 1410 1900 partem
1445 1842 1587 1886 efficit.

130 1908 339 1955 Accedit,
383 1909 495 1960 quod
538 1909 674 1960 aliqua
708 1909 829 1951 huius
865 1912 992 1964 partis
1026 1911 1166 1964 portio
1203 1911 1244 1949 in
1280 1909 1400 1948 leone
1435 1909 1589 1955 detur,

129 1972 286 2024 cystico
319 1971 459 2011 ductui
492 1972 702 2024 proxima,
736 1983 779 2028 et
814 1974 1035 2015 manifesto
1068 1974 1270 2020 distincta,
1305 1983 1413 2024 quae
1432 1971 1589 2010 merito

130 2048 230 2076 cum
275 2034 390 2085 collo
429 2034 634 2075 vesiculae
667 2035 872 2078 humanae
908 2036 1144 2090 comparari
1180 2034 1346 2089 potest,
1399 2044 1440 2072 et
1475 2044 1584 2085 quae

127 2098 255 2139 docet
286 2098 444 2150 igitur,
477 2099 781 2151 partemintus
817 2101 1021 2155 plicatam
1054 2100 1095 2139 in
1133 2097 1286 2152 tigride
1314 2108 1407 2147 ‘non
1445 2096 1584 2137 minus

125 2175 253 2216 quam
287 2162 332 2202 in
364 2161 489 2209 leone
522 2161 672 2213 aliam,
706 2171 748 2203 ct
779 2166 986 2206 maiorem
1021 2162 1150 2214 collo,
1185 2160 1387 2202 veficul'ae
1417 2170 1585 2214 partem

1483 2226 1585 2278 efle3
