1835 2553
578 89 692 141 ··›·:.=³t{
758 94 774 143 2
811 82 952 141 227(
1015 82 1134 136 &tc-3<-

319 201 434 244 Haec
470 212 537 242 me
572 196 835 243 adduxerunt
870 208 947 247 vt,
992 197 1092 239 licet
1124 195 1316 239 Naturae
1349 191 1595 250 Mystaruni

129 268 221 310 lites
258 267 554 321 componendo
588 266 795 318 imparem
832 277 901 320 me
938 264 1130 313 sentiam,
1166 262 1462 317 ambiguorum
1500 274 1599 303 cor-

131 346 285 389 porum
337 333 475 384 aliqua
527 329 740 371 chemicae
801 329 955 382 analysi
1017 329 1288 376 subiicerem‚
1351 326 1597 382 praesertim

131 410 261 450 quum
307 408 436 449 pauca
471 406 617 435 eorum
670 394 888 449 hucusque
935 394 1128 435 chemice
1178 392 1376 435 illustrata
1428 391 1598 432 fuerint.

133 460 353 503 Constabit
387 458 483 500 inde
520 458 662 499 saltem
699 460 866 500 cuinam
894 457 1080 499 Naturae
1115 470 1274 512 regno,
1310 456 1447 510 quoad
1484 455 1601 496 mix-

133 528 319 574 tionem,
369 523 447 564 fint
499 523 687 577 analoga.
768 522 893 564 Dabo
927 522 995 563 hic
1031 523 1217 577 primum
1253 521 1437 576 vulgaris
1478 517 1600 561 Con-

130 590 269 630 seruae
317 588 507 628 riuularis
543 597 586 627 et
619 587 801 629 lacustri<
835 588 884 627 L.
921 587 1128 638 analyfin,
1180 599 1286 641 quae
1330 586 1429 628 licet
1476 594 1602 627 motu

131 652 249 693 vitali
285 653 333 692 ab
353 649 572 704 Adanfhnio
608 661 650 692 et
675 650 836 692 Abbate
860 650 977 692 Corti
1010 651 1053 691 in
1090 646 1168 691 a'lia
1202 650 1338 704 specie
1374 649 1609 690 obseruata

131 715 243 759 haud
294 718 522 769 gaudeant,
578 725 720 756 tamen
765 715 826 754 vti
873 726 1050 755 externa
1100 714 1394 763 similitudine,
1444 713 1503 752 ita
1554 718 1603 750 et

132 781 441 836 principiorum
495 779 786 820 chemicorum
837 787 984 818 natura
1027 779 1091 819 isti
1137 778 1400 829 consentire,
1454 775 1599 818 saltem

133 847 331 902 proxime
367 844 637 886 videbuntur.

325 948 557 992 Conseruas
608 961 687 1003 pro
735 945 1038 1001 experimentis
1090 946 1319 996 adhibitas,
1363 943 1603 988 riuularem'

132 1026 177 1057 et
208 1015 428 1055 lacustrem
464 1013 656 1066 Augusto
708 1014 850 1053 mense
896 1013 938 1051 in
981 1012 1073 1066 ripa
1107 1012 1278 1053 arenosa
1311 1009 1404 1050 ostii
1447 1009 1604 1052 Neuae

131 1080 276 1127 fluuii,
330 1078 553 1119 recedente
590 1091 718 1130 aqua,
754 1076 995 1131 promiscue
1030 1075 1194 1129 collegi.
1262 1074 1603 1121 Arenasubtilis

134 1143 226 1184 alba
260 1142 373 1195 quasl
408 1142 558 1182 inserta
582 1141 825 1187 videbatur,
862 1152 995 1192 neque
1031 1141 1207 1194 repetita
1239 1140 1418 1188 lotione,
1454 1139 1604 1180 siccas-

131 1219 185 1248 ve
221 1204 456 1246 Conferuas
508 1204 690 1245 concisas
726 1205 769 1244 in
805 1202 945 1243 cribro
996 1203 1196 1257 agitando
1246 1203 1369 1259 plane
1419 1201 1604 1258 separati

134 1271 289 1325 potuit.
357 1266 479 1311 Odor
513 1273 692 1310 recentis
725 1278 767 1310 et
800 1268 900 1308 dum
938 1267 1200 1319 siccabatur,
1238 1269 1350 1324 quod
1389 1267 1520 1309 etiam
1557 1266 1605 1311 in

134 1334 396 1388 hypocausto
431 1334 592 1374 nonnisi
626 1333 742 1374 lente
785 1332 942 1375 fadum
988 1334 1068 1384 est,
1113 1333 1303 1387 palustris
1348 1333 1448 1384 fuit,
1499 1332 1603 1374 licet

135 1399 178 1438 in
215 1398 426 1452 purissima
479 1410 584 1449 aqua
634 1406 849 1450 creuerat;
901 1397 1020 1450 isque
1055 1398 1163 1438 odor
1198 1408 1252 1438 ne
1286 1397 1330 1437 in
1368 1396 1474 1437 ficca
1508 1395 1606 1449 qui·

135 1463 234 1504 dem
269 1464 432 1516 penitus
468 1461 610 1504 abfuit.

326 1563 539 1608 Conferua
584 1578 726 1609 recens
767 1565 837 1609 vel
888 1563 1036 1607 ficcata
1090 1564 1486 1608 commanducantis
1539 1559 1605 1607 sa·’

137 1629 266 1671 liuam
286 1631 517 1672 virescente
549 1632 698 1672 imbuit
727 1632 894 1680 colore,
912 1631 1047 1685 gustui
1077 1633 1236 1673 sensum
1263 1631 1339 1672 vix
1367 1631 1501 1671 Vllum
1529 1640 1606 1669 ex-

139 1695 296 1744 citans,
342 1704 385 1735 et
421 1695 631 1737 filamenta
664 1698 862 1744 exsucca,
903 1698 1065 1737 tenacia
1099 1695 1191 1737 satis
1226 1696 1442 1749 relinquit.
1510 1691 1605 1734 Sic·

139 1768 231 1799 cata
266 1758 314 1798 ad
350 1759 562 1800 candelam
598 1760 716 1801 facile
753 1759 1041 1811 comburitur,
1076 1771 1118 1802 at
1153 1761 1237 1802 sine
1273 1761 1468 1809 flamma,
1513 1770 1606 1800 em-

138 1824 333 1876 pireuma
367 1823 537 1864 volatile
572 1824 694 1866 simul
727 1825 935 1879 spargens.
1004 1826 1156 1867 Librae
1191 1836 1375 1880 quatuor
1402 1822 1605 1871 recentis,

139 1898 195 1927 ex
230 1899 335 1938 aqua
369 1887 621 1936 destinatae,
675 1889 872 1943 phlegma
907 1889 1129 1946 infipidum
1150 1919 1162 1940 ‚
1213 1890 1344 1931 odore
1379 1885 1605 1945 paludoso,

138 1950 386 2004 nullumque
422 1951 506 1991 olei
539 1952 757 2005 vestigium
792 1954 954 1995 dedere.

328 2057 514 2099 Siccatae
550 2054 787 2101 Conseruae
837 2061 984 2101 vnciae
1031 2061 1136 2101 duae
1172 2071 1268 2101 cum
1306 2071 1412 2114 aqua
1455 2056 1609 2106 iterato

138 2121 414 2175 ebullientes,
465 2124 686 2165 decoctum
737 2124 1018 2179 praebuerunt
1078 2124 1322 2177 virescens,
1380 2120 1609 2179 limpidum

889 2186 920 2228 F
938 2186 961 2229 f
989 2200 1015 2228 2
1514 2182 1610 2227 sub-
