1835 2553
717 177 831 229 ·»sats
894 171 1088 233 )2·⁷0(
1149 176 1265 228 2103«-

265 287 360 335 tuit,
393 297 499 339 quae
534 288 656 329 fossae
691 288 732 330 in
768 289 915 331 craniis
951 290 1086 330 ouillis
1121 286 1366 332 obseruabili
1399 287 1582 343 perfedle
1612 301 1711 333 ana-

263 349 383 402 loga,
421 349 486 390 sed
522 351 778 407 aliquantum
814 354 1062 408 profundior
1093 355 1163 395 est.

455 475 696 519 Vertebrae
731 479 828 520 colli
865 491 916 530 7,
952 480 1217 532 processubus
1252 479 1419 536 spinosis
1452 478 1712 525 breuioribus

266 551 391 593 quam
426 541 470 583 in
506 538 689 590 Gazella‚
723 543 855 595 iisque
893 541 1105 585 Corinnae
1140 545 1247 596 (vid.
1281 544 1388 585 Tab.
1423 542 1549 584 XXX
1583 543 1713 585 Tomi

265 602 355 646 XII
404 604 508 659 Hist.
540 615 623 646 nat.
657 602 786 660 Buff)
821 605 1044 656 similibus,
1094 609 1280 662 processu
1316 607 1591 663 epistrophaei
1628 618 1716 647 non

266 667 522 718 dentiformi,
557 668 624 709 sed
658 669 972 720 semiannulari3
1005 669 1220 711 vertebrae
1254 671 1360 714 dorsi
1399 683 1469 720 13,
1505 669 1716 724 processu·

265 729 340 770 bus
375 730 542 784 spinofis
578 731 658 772 illis
694 728 885 773 Gazellae
921 729 1019 786 (vid.
1045 732 1154 775 Tab.
1173 732 1301 776 XXV
1335 732 1466 774 Tomi
1498 733 1583 778 Xll
1616 733 1641 773 l.
1661 729 1715 786 c.)

263 793 529 848 aequalibus3
563 794 781 836 vertebrae
815 794 1056 836 lumborum
1078 800 1119 845 6,
1155 795 1416 851 proceffubus
1443 796 1608 850 spinofis
1629 809 1716 840 non

263 858 499 898 ann-orsum
534 857 753 907 inclinatis,
790 869 836 899 vt
870 859 914 898 in
950 856 1147 911 Gazella,
1187 860 1254 904 sed
1289 859 1714 915 perpendicularibus,

261 929 311 962 vt
346 921 389 961 in
425 917 636 975 Coi-inn23
686 922 904 963 vertebrae
940 923 1029 965 offis
1066 923 1165 965 sacri
1201 924 1360 980 spuriae
1389 936 1450 976 43
1502 923 1719 967 vertebrae

261 983 354 1026 offis
390 986 566 1040 coxygis
607 998 678 1035 12,
713 998 892 1039 quarum
929 983 1020 1030 Cel.
1055 987 1292 1030 Daubenton
1337 989 1380 1024 in
1414 985 1585 1025 Gazella
1621 995 1719 1028 tan-

263 1056 356 1089 tum
410 1060 468 1088 ιο
519 1051 786 1094 numerauit,
838 1049 998 1087 vltimis
1044 1049 1284 1089 tenuiffimis
1330 1047 1440 1086 forte
1475 1047 1718 1099 deperditis.

263 1106 413 1151 costae
452 1120 525 1156 13,
556 1118 732 1158 quatum
774 1114 795 1148 8
832 1113 975 1156 verae,
1015 1119 1038 1156 5
1076 1109 1248 1162 spuriae.
1316 1106 1580 1151 Offissterni
1615 1110 1718 1151 arti-

261 1168 346 1210 culi
382 1173 426 1218 6,
459 1168 613 1209 vltimo
647 1168 840 1210 latissimo
873 1170 1075 1222 quadrato
1108 1172 1151 1211 in
1171 1172 1405 1224 processum
1423 1171 1716 1226 xyphoideum

261 1232 516 1282 triquetrum
553 1239 793 1270 truncatum
831 1231 1042 1279 abeunte,
1093 1234 1165 1284 qui
1200 1233 1451 1283 cartilagine
1478 1234 1715 1282 rotundata,

261 1292 398 1349 plana,
438 1291 672 1334 tenuiffima
705 1293 970 1334 terminatur.
1039 1290 1247 1342 Cubitus,
1282 1295 1325 1335 in
1361 1294 1500 1337 medio
1533 1295 1719 1347 praeser-

262 1357 367 1405 tim,
400 1356 565 1397 tenuior
593 1355 725 1399 adhuc
754 1368 879 1409 quam
915 1356 958 1396 in
995 1354 1166 1400 Gazella
1200 1357 1440 1412 Buffiniana
1467 1367 1590 1410 atque
1612 1358 1717 1400 adeo

265 1420 375 1463 arete
410 1432 506 1463 cum
541 1419 660 1460 radio
694 1419 888 1468 coalitus,
942 1429 988 1460 vt
1040 1421 1099 1467 nil
1143 1421 1216 1467 nifi
1251 1422 1368 1465 crista
1403 1421 1505 1463 radii
1542 1422 1621 1462 effe
1655 1422 1721 1465 vi·

264 1483 425 1533 deatur,
459 1495 566 1537 quae
601 1483 707 1526 insi-a
741 1484 1052 1528 extremitatem
1089 1485 1344 1539 superiorem
1377 1485 1484 1529 radii
1519 1485 1574 1527 ad
1594 1484 1719 1544 polli-

264 1547 322 1590 cis
356 1547 665 1600 longitudinem
699 1548 808 1589 rima
843 1548 959 1592 tenui
993 1548 1174 1606 separata
1209 1548 1278 1594 este

455 1671 674 1716 Addamus
725 1672 1002 1717 dimenfiones
1053 1674 1182 1715 cranii
1229 1675 1336 1716 Tab.
1371 1673 1413 1716 X
1457 1675 1499 1720 ,δε
1543 1673 1608 1722 XI
1657 1687 1722 1717 re:-

265 1733 526 1791 praesentati‚
562 1749 640 1776 nec
676 1749 760 1782 non
797 1738 935 1783 trunci
970 1738 1011 1781 ,δε
1047 1740 1382 1788 extremitatum,
1418 1752 1502 1792 quo
1538 1738 1718 1784 sceleton

265 1799 478 1851 integrum
530 1799 742 1849 animalis,
793 1801 909 1841 cuius
961 1801 1175 1847 mensurae
1214 1813 1482 1844 externarum
1535 1804 1719 1856 partium

265 1861 371 1910 illis,
406 1875 505 1914 quas
541 1872 661 1907 antea
694 1863 910 1914 dedimus,
961 1865 1141 1922 perfecte
1175 1867 1367 1921 aequales
1401 1875 1540 1913 erant,
1575 1865 1719 1905 secun-

264 1924 368 1968 dum
403 1928 697 1979 proportiones
732 1926 792 1966 illi
826 1929 1016 1981 proprias
1051 1930 1305 1978 innotescat,
1343 1929 1529 1975 adhibito
1560 1928 1719 1985 semper

266 1987 373 2042 pede
416 1990 593 2044 parfirzo
644 1991 687 2030 in
729 1991 950 2036 duodecim
985 1992 1156 2047 pollices
1191 1993 1348 2046 diuist),
1402 2003 1523 2047 atque
1564 1992 1718 2048 pollice

272 2064 327 2092 12
357 2045 485 2094 lineas
520 2055 781 2100 continente,
1569 2049 1572 2052 ’

1565 2244 1720 2300 Longi-
