1835 2553
632 137 746 190 »ests
814 130 1010 193 >15⁵(
1075 130 1192 184 &2230-

192 252 456 297 differentiae
505 251 704 296 secundae
753 249 866 304 quafi
903 248 979 290 fint
1016 247 1224 300 aequales.
1292 244 1400 288 Sunt
1435 259 1540 288 vero
1579 246 1660 286 dif-

193 319 398 361 ferentiae
433 319 594 373 primae
636 328 707 365 19,
747 318 831 367 563
886 327 959 363 21,
999 325 1084 364 :393
1132 325 1204 358 21.
1243 320 1328 363 483
1364 325 1467 365 quae
1506 324 1656 366 parum

193 398 217 425 a
251 397 429 425 numero
466 395 522 422 20
557 380 817 433 discrepant3
869 379 926 420 sm
980 390 1119 420 autem
1165 375 1416 418 differentias
1461 377 1657 417 secundas

193 450 412 490 admittere
446 447 641 494 velimus,
676 457 751 485 eae
786 443 1099 498 propemodum
1138 443 1287 482 vnitati
1325 443 1513 494 aequales
1540 441 1657 480 statui

191 514 370 568 possunt.
438 508 640 552 Ceterum
675 521 754 563 pro
789 509 983 550 instituto
1021 507 1162 548 nostro
1196 520 1345 561 parum
1372 507 1536 553 referet,
1572 505 1656 545 fine

190 577 367 624 valores,
411 588 491 629 pro
525 574 674 615 litteris
709 588 759 620 α,
780 569 962 628 β,γ,δ,
998 582 1078 612 etc.
1117 571 1312 616 exhibiti.
1351 572 1425 611 snit
1446 571 1496 611 ad
1519 582 1659 610 amus·

189 640 263 682 fim
299 639 452 690 exacti,
489 651 563 679 nec
600 651 668 686 ne,
703 636 731 677 fi
762 636 866 676 adeo
886 635 1093 677 calculum
1114 636 1290 676 vlterius
1313 636 1504 690 prosequi
1526 634 1658 673 velle-

189 717 310 756 mus·,
359 715 512 744 verum
556 715 653 742 cum
689 701 784 742 inde
821 700 925 741 nihil
961 699 1082 753 plane
1119 701 1223 739 certi
1259 702 1370 741 circa
1408 700 1656 739 Paradoxon

189 777 478 810 memoratum
515 765 767 807 concludere
803 763 1029 810 valeamus,
1056 774 1181 817 atquc
1203 765 1445 805 etiamnunc
1467 765 1508 803 in
1528 763 1657 804 dubio

188 833 240 874 fit
272 822 610 885 relinquendum,
643 839 785 869 vti-um
824 839 953 867 curua
987 828 1125 867 nostra
1160 828 1311 867 alicubi
1332 842 1429 869 cum
1455 841 1534 868 axe
1554 841 1657 867 con·

189 907 331 939 currat
365 908 443 936 nec
480 907 545 944 ne,
581 894 687 935 hanc
722 889 952 941 Analyfin‚
989 891 1146 944 quippe
1184 904 1290 943 quae
1327 892 1409 932 sola
1446 891 1551 930 nihil
1584 892 1657 932 de-

191 961 328 1001 cidere
361 959 542 1005 videtur,
578 956 832 1001 deseramus,
855 954 1123 1008 nostramque
1160 956 1450 1008 quaestionem
1471 956 1655 1009 exprin-

190 1025 311 1076 cipiis
346 1020 607 1062 Mechanicis
643 1019 948 1060 examinemus.

186 1144 405 1196 Examen
438 1142 657 1195 eiusdem
689 1142 944 1205 Paradoxi‚
982 1158 1044 1193 ex
1077 1142 1328 1209 Principiis
1364 1141 1661 1194 Mechanicis

845 1219 1030 1258 etltssm.

382 1278 415 1327 §-
459 1289 528 1326 17-
598 1223 924 1317 Confidergmus
961 1278 1205 1318 columnam
1243 1291 1552 1331 quamcunque,
1590 1273 1757 1328 cy-Tssb·
1791 1271 1835 1310 ῙΠ

190 1341 426 1392 lindricam,
445 1340 772 1381 determinatam
796 1339 906 1392 AB,
941 1355 1046 1396 quae
1085 1342 1154 1382 sub
1190 1342 1287 1381 dato
1309 1343 1507 1395 pondere,
1545 1341 1659 1394 quod
1698 1324 1771 1372 Fig.
1796 1336 1831 1366 4·

190 1406 239 1446 fit
274 1405 408 1454 ΞΡ,
459 1414 642 1446 corruat.
714 1404 802 1445 lam
847 1404 944 1445 loco
989 1405 1112 1446 huius
1158 1407 1356 1459 ponderis
1395 1406 1658 1446 mbstituatur

189 1470 270 1510 alia
305 1470 505 1510 columna
541 1468 581 1509 A
606 1468 650 1518 P,
687 1468 873 1509 eiusdem
910 1469 1137 1518 diametri,
1191 1471 1306 1509 cuius
1343 1471 1565 1521 longitudo
1609 1469 1658 1508 fit

189 1547 298 1584 ΞΡ,
333 1547 439 1588 quae
476 1545 609 1586 ergo,
647 1531 706 1572 illi
740 1532 962 1572 columnae
999 1533 1344 1586 superimposita,
1382 1534 1561 1572 evudem
1597 1533 1657 1572 ef-

190 1597 345 1639 sectum
380 1599 460 1640 erit
494 1598 762 1653 praestatura,
797 1606 839 1637 et
875 1597 1119 1638 columnam
1151 1597 1193 1638 A
1219 1597 1254 1637 B
1290 1596 1522 1651 diffringet.

379 1727 411 1776 §.
453 1733 522 1770 18.
592 1724 851 1781 Quanquam
889 1735 1027 1766 autem
1065 1726 1145 1767 hoc
1183 1726 1313 1766 modo
1348 1725 1565 1766 obtinetur
1585 1737 1658 1766 co-

192 1787 336 1828 lumna
370 1789 482 1842 quasi
514 1791 640 1831 vnica
672 1789 703 1829 P
723 1788 830 1838 AB,
847 1789 917 1830 sub
951 1791 1132 1845 proprio
1156 1791 1344 1844 pondere
1365 1790 1656 1840 succumbens,

194 1861 334 1892 tamen
370 1853 468 1894 hinc
503 1854 688 1907 quaestio
724 1854 859 1894 nostra
895 1867 982 1894 non
1018 1853 1255 1896 conficitur.
1298 1853 1515 1908 Quoniam
1542 1856 1658 1895 enim

190 1915 294 1956 haec
330 1916 527 1957 columna
560 1918 604 1957 in
637 1916 680 1958 A
715 1917 827 1972 quasi
863 1919 919 1958 est
953 1919 1132 1963 dissesta,
1152 1919 1332 1960 dubitari
1369 1920 1548 1959 omnino
1584 1931 1660 1958 ne-

179 1979 296 2032 quit,
333 1983 434 2034 quin
470 1980 561 2022 talis
597 1981 825 2031 columna,
856 1981 886 2021 fi
921 1983 1144 2030 continua,
1190 1982 1327 2023 multo
1362 1983 1454 2035 plus
1490 1983 1656 2022 roboris

182 2045 291 2084 *effet
325 2044 531 2086 habitura.
611 2044 858 2087 Accuratius
894 2046 1023 2099 igitur
1058 2046 1352 2086 examinemus
1374 2075 1384 2095 ‚
1437 2045 1658 2098 quomodo

190 2110 448 2150 continuitas
509 2109 727 2150 ambarum
772 2109 1067 2150 columnarum
1116 2110 1321 2163 impedire
1366 2109 1519 2163 poffit,
1571 2122 1659 2163 qno

192 2174 331 2214 minus
383 2173 561 2215 inferior
613 2173 813 2215 columna
854 2173 950 2214 AB
985 2174 1222 2229 frangatur,
1276 2185 1375 2216 cum
1411 2184 1551 2215 tamen
1586 2174 1656 2216 hic

926 2235 971 2278 V
1008 2246 1035 2277 2
1558 2236 1658 2279 effe·
