1835 2553
592 167 704 216 »ἓῡῖέ
771 162 785 218 )
827 161 911 212 1‘65
950 158 966 216 (
1030 146 1145 212 &3904-

141 290 201 330 tui
239 287 485 327 conuenietz
518 281 677 333 semper
710 278 824 318 enim
860 276 1028 331 concipi
1063 272 1197 330 potest
1234 276 1388 318 lamina
1410 268 1599 334 ‘ela'stic'a‚

142 365 248 406 quae
285 347 504 390 inflexioni
539 353 705 384 tantum
742 339 998 390 reluctetur,
1049 352 1253 394 quantum
1291 342 1487 383 columna
1522 344 1601 383 fra-

144 416 271 458 Ctioni
307 411 472 461 refistit3
518 417 657 449 totum
694 415 831 447 autem
869 406 1091 446 discrimen
1126 406 1167 445 in
1203 418 1256 445 eo
1291 407 1369 446 erit
1404 407 1603 460 positum,

144 480 256 534 quod
290 475 448 518 lamina
480 464 642 512 elastica
676 484 700 510 a
734 469 891 510 viribus
936 468 1250 510 sollicitantibus
1285 474 1429 510 reuera
1463 472 1605 511 incur-

143 554 280 590 vetur,
309 541 409 579 dum
445 537 659 583 columna,
694 535 743 574 ab
776 534 924 574 iisdem
959 533 1117 573 viribus
1155 533 1387 582 sollicitata,
1422 535 1606 575 disrum-

130 608 268 662 *pitun
335 603 431 643 Hoc
476 598 746 654 praemonito
789 599 954 651 semper
997 597 1204 638 eiusmodi
1252 598 1407 639 lamina
1443 589 1606 651 elastica

133 668 307 722 ‘concipi
343 666 528 720 poterit,
571 675 710 717 quae,
745 677 770 702 a
803 660 891 701 solo
927 661 998 701 suo
1034 661 1219 715 pondere
1255 661 1501 713 sollicitata,
1555 662 1606 720 ad

132 746 238 775 “eam
273 732 403 786 ipsam
439 741 612 770 curuam
648 726 804 767 inflec'ti
840 735 967 778 atque
1004 725 1108 765 adeo
1145 725 1187 764 in
1222 726 1608 779 aequilibriolcon-

129 798 282 839 'sistere
316 803 463 849 queat,
515 802 640 846 quam
691 802 746 830 ex
790 789 1043 840 aequatione
1089 789 1215 829 initio
1269 789 1392 830 allata
1425 791 1607 849 ded-uxi-

148 872 266 913 mus3
317 860 346 900 fi
381 858 509 898 modo
552 854 851 900 obseruemus,
902 852 946 890 in
992 851 1151 893 calculo
1193 852 1267 892 illo
1303 865 1449 894 omnes
1484 854 1606 896 huius

149 937 302 966 curuae
337 921 560 976 applicatas
595 915 694 959 XY
730 926 928 968 tanquam
963 913 1129 955 infinite
1164 928 1310 969 paruas
1340 915 1512 969 spestari
1535 919 1607 958 de-

136 990 246 1029 'bere
267 1018 277 1037 ,
329 983 489 1025 etiamfi
522 982 565 1021 in
601 980 737 1020 nostra
771 978 904 1032 figura
939 977 1077 1018 multo
1113 979 1293 1019 maiores
1330 980 1408 1020 sint
1442 993 1610 1035 reprae-

140 1057 356 1096 sentatae,
407 1058 494 1099 quo
543 1045 684 1084 variae
727 1042 976 1083 inflexiones
1023 1041 1182 1083 facilius
1215 1043 1393 1096 perspici
1429 1047 1606 1098 possent.

144 1112 352 1156 Absciffae
403 1119 548 1151 autem
583 1107 707 1148 huius
729 1119 895 1163 ¹curuae
930 1106 978 1147 ad
1012 1118 1066 1146 eo
1097 1107 1305 1148 maiorem
1340 1107 1608 1149 altitudinem

146 1178 381 1229 assurgent,
431 1185 518 1226 quo
563 1172 758 1212 fortiores
792 1170 949 1210 fuerint
983 1168 1161 1210 laminae
1205 1172 1367 1212 nostrae
1400 1171 1609 1214 elasticae:

147 1240 378 1293 applicatae
409 1234 711 1288 vero,fingulis
746 1233 917 1275 abscissis
939 1232 1249 1287 respondentes,
1281 1245 1490 1291 perpetuo
1510 1248 1614 1279 ean-

148 1304 247 1344 dem
282 1303 391 1343 inter
426 1299 464 1341 se
497 1299 707 1341 rationem
743 1308 885 1339 tenere
920 1298 1012 1340 sunt
1044 1297 1296 1341 censendae.

339 1431 374 1480 ξ.
405 1443 448 1480 4.
515 1428 592 1471 His
642 1429 798 1470 notatis
851 1428 1062 1482 quaelibet
1095 1430 1241 1486 portio
1283 1428 1406 1472 huius
1440 1442 1613 1482 cumae,

151 1494 282 1538 veluti
316 1492 429 1540 AY,
466 1494 614 1535 statum
652 1493 888 1547 aequilibrii
932 1495 1164 1548 cuiuspiam
1208 1493 1389 1535 laminae
1423 1494 1613 1535 elasticae

151 1557 497 1613 repraesentabit:
534 1558 688 1600 scilicet
723 1557 888 1612 semper
923 1557 1108 1611 assignari
1148 1559 1306 1611 poterit
1338 1557 1495 1599 lamina
1527 1559 1612 1600 ela·

150 1623 249 1664 stica
281 1622 554 1676 longitudinis
588 1621 704 1673 AY,
740 1635 861 1675 quae,
898 1621 927 1662 si
959 1622 1000 1661 in
1021 1621 1059 1662 Y
1081 1622 1308 1663 secundum
1337 1623 1612 1665 directionem

152 1688 264 1727 suam
299 1685 479 1727 firmiter
506 1687 749 1737 retineatur,
789 1696 913 1740 atque
950 1686 999 1727 ad
1033 1685 1209 1741 figuram
1245 1685 1613 1735 YAinfledtatur,

154 1751 208 1791 ob
258 1749 390 1791 solum
438 1751 657 1805 proprium
708 1751 873 1806 pondus
924 1751 968 1790 in
1014 1750 1097 1792 hoc
1142 1751 1244 1791 statu
1293 1750 1331 1792 se
1365 1750 1613 1792 conseruare

153 1814 301 1869 possit,
347 1813 512 1867 hocque
545 1815 676 1856 modo
709 1816 910 1869 pumstum
929 1813 984 1863 Y,
1024 1814 1262 1868 vbicunque
1294 1814 1483 1864 libuerit,
1504 1815 1609 1856 acci·
1627 1829 1713 1867 Tab.
1747 1828 1816 1867 w,

154 1891 252 1932 pere
286 1877 396 1918 licet.
464 1877 545 1920 Hic
577 1880 764 1932 primurn
798 1890 1026 1920 occurrunt
1061 1893 1108 1920 ea
1142 1880 1296 1933 puntsta
1332 1891 1498 1928 curuae,
1520 1880 1613 1932 qui·
1652 1879 1731 1930 Fig.
1756 1890 1789 1916 2.

156 1943 229 1984 bus
265 1940 497 1996 applicatae
532 1940 624 1983 suut
654 1942 723 1984 vel
757 1945 974 1986 maximae
1010 1943 1078 1983 vel
1113 1943 1346 1992 minimae,
1399 1943 1468 1983 vbi
1513 1955 1618 1996 ergo

158 2015 379 2059 tangentes
425 2005 519 2046 sunt
552 2007 787 2048 verticales.
872 2006 1002 2061 Quod
1037 2006 1065 2046 fi
1100 2018 1202 2060 ergo
1252 2006 1484 2059 quodpiam
1533 2006 1617 2047 ho-

157 2083 251 2111 rum
295 2069 548 2124 punitorum
592 2081 671 2123 pro
703 2070 856 2112 infimo
888 2070 1074 2111 termino
1111 2069 1293 2109 laminae
1326 2068 1510 2110 elasticae
1545 2083 1618 2112 ac·

159 2134 369 2188 cipiatur,
402 2133 436 2174 is
469 2133 718 2188 pauimento
766 2147 936 2188 quoque
978 2132 1240 2174 verticaliter
1280 2130 1396 2186 infigi
1431 2132 1615 2185 debebit,

158 2208 205 2238 vt
235 2197 285 2239 de
320 2197 403 2240 hoc
438 2197 515 2240 fitu
547 2197 757 2240 declinare
792 2207 995 2252 nequeat;
1032 2207 1127 2238 tum
1161 2197 1275 2239 enim
1308 2209 1402 2252 pars
1431 2196 1619 2252 superior

874 2260 915 2302 X
953 2273 978 2312 3
1508 2260 1619 2317 figu-
